@ARTICLE{1998A&A...335..403G,
   author = {{Galli}, D. and {Palla}, F.},
    title = "{The chemistry of the early Universe}",
  journal = {\aap},
   eprint = {astro-ph/9803315},
     year = 1998,
    month = jul,
   volume = 335,
    pages = {403-420},
   adsurl = {http://adsabs.harvard.edu/cgi-bin/nph-bib_query?bibcode=1998A%26A...335..403G&db_key=AST},
  adsnote = {Provided by the Smithsonian/NASA Astrophysics Data System}
}

@ARTICLE{2001MNRAS.328..969B,
   author = {{Bromm}, V. and {Ferrara}, A. and {Coppi}, P.~S. and {Larson}, R.~B.
	},
    title = "{The fragmentation of pre-enriched primordial objects}",
  journal = {\mnras},
   eprint = {astro-ph/0104271},
     year = 2001,
    month = dec,
   volume = 328,
    pages = {969-976},
      doi = {10.1046/j.1365-8711.2001.04915.x},
   adsurl = {http://adsabs.harvard.edu/cgi-bin/nph-bib_query?bibcode=2001MNRAS.328..969B&db_key=AST},
  adsnote = {Provided by the Smithsonian/NASA Astrophysics Data System}
}

@ARTICLE{2003Natur.425..812B,
   author = {{Bromm}, V. and {Loeb}, A.},
    title = "{The formation of the first low-mass stars from gas with low carbon and oxygen abundances}",
  journal = {\nat},
     year = 2003,
    month = oct,
   volume = 425,
    pages = {812-814},
   adsurl = {http://adsabs.harvard.edu/cgi-bin/nph-bib_query?bibcode=2003Natur.425..812B&db_key=AST},
  adsnote = {Provided by the Smithsonian/NASA Astrophysics Data System}
}

@ARTICLE{2000ApJ...534..809O,
   author = {{Omukai}, K.},
    title = "{Protostellar Collapse with Various Metallicities}",
  journal = {\apj},
   eprint = {astro-ph/0003212},
     year = 2000,
    month = may,
   volume = 534,
    pages = {809-824},
      doi = {10.1086/308776},
   adsurl = {http://adsabs.harvard.edu/cgi-bin/nph-bib_query?bibcode=2000ApJ...534..809O&db_key=AST},
  adsnote = {Provided by the Smithsonian/NASA Astrophysics Data System}
}

@ARTICLE{2005ApJ...626..627O,
   author = {{Omukai}, K. and {Tsuribe}, T. and {Schneider}, R. and {Ferrara}, A.
	},
    title = "{Thermal and Fragmentation Properties of Star-forming Clouds in Low-Metallicity Environments}",
  journal = {\apj},
   eprint = {astro-ph/0503010},
     year = 2005,
    month = jun,
   volume = 626,
    pages = {627-643},
      doi = {10.1086/429955},
   adsurl = {http://adsabs.harvard.edu/cgi-bin/nph-bib_query?bibcode=2005ApJ...626..627O&db_key=AST},
  adsnote = {Provided by the Smithsonian/NASA Astrophysics Data System}
}

@ARTICLE{2007ApJ...661L...5S,
   author = {{Smith}, B.~D. and {Sigurdsson}, S.},
    title = "{The Transition from the First Stars to the Second Stars in the Early Universe}",
  journal = {\apjl},
   eprint = {arXiv:0704.0477},
     year = 2007,
    month = may,
   volume = 661,
    pages = {L5-L8},
      doi = {10.1086/518692},
   adsurl = {http://adsabs.harvard.edu/abs/2007ApJ...661L...5S},
  adsnote = {Provided by the Smithsonian/NASA Astrophysics Data System}
}

@ARTICLE{2008MNRAS.385.1443S,
   author = {{Smith}, B. and {Sigurdsson}, S. and {Abel}, T.},
    title = "{Metal cooling in simulations of cosmic structure formation}",
  journal = {\mnras},
   eprint = {arXiv:0706.0754},
 keywords = {methods: numerical , stars: formation},
     year = 2008,
    month = apr,
   volume = 385,
    pages = {1443-1454},
      doi = {10.1111/j.1365-2966.2008.12922.x},
   adsurl = {http://adsabs.harvard.edu/abs/2008MNRAS.385.1443S},
  adsnote = {Provided by the SAO/NASA Astrophysics Data System}
}

@ARTICLE{2002ApJ...567..532H,
   author = {{Heger}, A. and {Woosley}, S.~E.},
    title = "{The Nucleosynthetic Signature of Population III}",
  journal = {\apj},
     year = 2002,
    month = mar,
   volume = 567,
    pages = {532-543},
      doi = {10.1086/338487},
   adsurl = {http://adsabs.harvard.edu/cgi-bin/nph-bib_query?bibcode=2002ApJ...567..532H&db_key=AST},
  adsnote = {Provided by the Smithsonian/NASA Astrophysics Data System}
}

@ARTICLE{1997NewA....2..181A,
   author = {{Abel}, T. and {Anninos}, P. and {Zhang}, Y. and {Norman}, M.~L.
	},
    title = "{Modeling primordial gas in numerical cosmology}",
  journal = {New Astronomy},
   eprint = {astro-ph/9608040},
     year = 1997,
    month = aug,
   volume = 2,
    pages = {181-207},
      doi = {10.1016/S1384-1076(97)00010-9},
   adsurl = {http://adsabs.harvard.edu/cgi-bin/nph-bib_query?bibcode=1997NewA....2..181A&db_key=AST},
  adsnote = {Provided by the Smithsonian/NASA Astrophysics Data System}
}
@ARTICLE{2008MNRAS.388.1627G,
   author = {{Glover}, S.~C.~O. and {Abel}, T.},
    title = "{Uncertainties in H$_{2}$ and HD chemistry and cooling and their role in early structure formation}",
  journal = {\mnras},
archivePrefix = "arXiv",
   eprint = {0803.1768},
 keywords = {molecular data , molecular processes , stars: formation , cosmology: theory},
     year = 2008,
    month = aug,
   volume = 388,
    pages = {1627-1651},
      doi = {10.1111/j.1365-2966.2008.13224.x},
   adsurl = {http://adsabs.harvard.edu/abs/2008MNRAS.388.1627G},
  adsnote = {Provided by the SAO/NASA Astrophysics Data System}
}

@ARTICLE{2008ApJ...689.1105L,
   author = {{Lee}, T.-G. and {Balakrishnan}, N. and {Forrey}, R.~C. and 
	{Stancil}, P.~C. and {Shaw}, G. and {Schultz}, D.~R. and {Ferland}, G.~J.
	},
    title = "{Rotational Quenching Rate Coefficients for H$_{2}$ in Collisions with H$_{2}$ from 2 to 10,000 K}",
  journal = {\apj},
archivePrefix = "arXiv",
   eprint = {0805.1623},
 keywords = {ISM: molecules, molecular data, molecular processes},
     year = 2008,
    month = dec,
   volume = 689,
      eid = {1105-1111},
    pages = {1105-1111},
      doi = {10.1086/592560},
   adsurl = {http://adsabs.harvard.edu/abs/2008ApJ...689.1105L},
  adsnote = {Provided by the SAO/NASA Astrophysics Data System}
}

@ARTICLE{2012JChPh.137o4303L,
   author = {{Lique}, F. and {Honvault}, P. and {Faure}, A.},
    title = "{Ortho-para-H$_{2}$ conversion by hydrogen exchange: Comparison of theory and experiment}",
  journal = {Journal of Chemical Physics},
 keywords = {atom-molecule reactions, chemical exchanges, excited states, hydrogen neutral atoms, hydrogen neutral molecules, potential energy surfaces, reaction rate constants, Chemical exchanges, Atom and radical reactions, chain reactions, molecule-molecule reactions, Rate constants reaction cross sections and activation energies, Potential energy surfaces for chemical reactions},
     year = 2012,
    month = oct,
   volume = 137,
   number = 15,
    pages = {154303-154303},
      doi = {10.1063/1.4758791},
   adsurl = {http://adsabs.harvard.edu/abs/2012JChPh.137o4303L},
  adsnote = {Provided by the SAO/NASA Astrophysics Data System}
}

@ARTICLE{2011ApJ...726...55T,
   author = {{Turk}, M.~J. and {Clark}, P. and {Glover}, S.~C.~O. and {Greif}, T.~H. and 
	{Abel}, T. and {Klessen}, R. and {Bromm}, V.},
    title = "{Effects of Varying the Three-body Molecular Hydrogen Formation Rate in Primordial Star Formation}",
  journal = {\apj},
archivePrefix = "arXiv",
   eprint = {1011.1908},
 keywords = {cosmology: theory, galaxies: formation, H II regions, stars: formation},
     year = 2011,
    month = jan,
   volume = 726,
      eid = {55},
    pages = {55},
      doi = {10.1088/0004-637X/726/1/55},
   adsurl = {http://adsabs.harvard.edu/abs/2011ApJ...726...55T},
  adsnote = {Provided by the SAO/NASA Astrophysics Data System}
}

@ARTICLE{2010Sci...329...69K,
   author = {{Kreckel}, H. and {Bruhns}, H. and {{\v C}{\'{\i}}{\v z}ek}, M. and 
	{Glover}, S.~C.~O. and {Miller}, K.~A. and {Urbain}, X. and 
	{Savin}, D.~W.},
    title = "{Experimental Results for H$_{2}$ Formation from H$^{-}$ and H and Implications for First Star Formation}",
  journal = {Science},
     year = 2010,
    month = jul,
   volume = 329,
    pages = {69},
      doi = {10.1126/science.1187191},
   adsurl = {http://adsabs.harvard.edu/abs/2010Sci...329...69K},
  adsnote = {Provided by the SAO/NASA Astrophysics Data System}
}


@ARTICLE{1996ApJ...461...20H,
   author = {{Haardt}, F. and {Madau}, P.},
    title = "{Radiative Transfer in a Clumpy Universe. II. The Ultraviolet Extragalactic Background}",
  journal = {\apj},
   eprint = {arXiv:astro-ph/9509093},
 keywords = {COSMOLOGY: THEORY, COSMOLOGY: DIFFUSE RADIATION, GALAXIES: INTERGALACTIC MEDIUM, GALAXIES: QUASARS: ABSORPTION LINES, RADIATIVE TRANSFER},
     year = 1996,
    month = apr,
   volume = 461,
    pages = {20-+},
      doi = {10.1086/177035},
   adsurl = {http://adsabs.harvard.edu/abs/1996ApJ...461...20H},
  adsnote = {Provided by the SAO/NASA Astrophysics Data System}
}

@INPROCEEDINGS{2001cghr.confE..64H,
   author = {{Haardt}, F. and {Madau}, P.},
    title = "{Modelling the UV/X-ray cosmic background with CUBA}",
booktitle = {Clusters of Galaxies and the High Redshift Universe Observed in X-rays},
     year = 2001,
   editor = "{D.~M.~Neumann \& J.~T.~V.~Tran}",
   adsurl = {http://adsabs.harvard.edu/abs/2001cghr.confE..64H},
  adsnote = {Provided by the SAO/NASA Astrophysics Data System}
}

@ARTICLE{2012ApJ...746..125H,
   author = {{Haardt}, F. and {Madau}, P.},
    title = "{Radiative Transfer in a Clumpy Universe. IV. New Synthesis Models of the Cosmic UV/X-Ray Background}",
  journal = {\apj},
archivePrefix = "arXiv",
   eprint = {1105.2039},
 keywords = {cosmology: theory, diffuse radiation, intergalactic medium, galaxies: evolution, quasars: general},
     year = 2012,
    month = feb,
   volume = 746,
      eid = {125},
    pages = {125},
      doi = {10.1088/0004-637X/746/2/125},
   adsurl = {http://adsabs.harvard.edu/abs/2012ApJ...746..125H},
  adsnote = {Provided by the SAO/NASA Astrophysics Data System}
}

@ARTICLE{2009ApJ...703.1416F,
   author = {{Faucher-Gigu{\`e}re}, C.-A. and {Lidz}, A. and {Zaldarriaga}, M. and 
	{Hernquist}, L.},
    title = "{A New Calculation of the Ionizing Background Spectrum and the Effects of He II Reionization}",
  journal = {\apj},
archivePrefix = "arXiv",
   eprint = {0901.4554},
 primaryClass = "astro-ph.CO",
 keywords = {cosmology: theory, diffuse radiation, galaxies: evolution, galaxies: formation, galaxies: high-redshift, quasars: absorption lines},
     year = 2009,
    month = oct,
   volume = 703,
    pages = {1416-1443},
      doi = {10.1088/0004-637X/703/2/1416},
   adsurl = {http://adsabs.harvard.edu/abs/2009ApJ...703.1416F},
  adsnote = {Provided by the SAO/NASA Astrophysics Data System}
}

@ARTICLE{2013MNRAS.430.2427R,
   author = {{Rahmati}, A. and {Pawlik}, A.~H. and {Raicevic}, M. and 
	{Schaye}, J.},
    title = "{On the evolution of the H I column density distribution in cosmological simulations}",
  journal = {\mnras},
archivePrefix = "arXiv",
   eprint = {1210.7808},
 primaryClass = "astro-ph.CO",
 keywords = {radiative transfer, methods: numerical, galaxies: evolution, galaxies: formation, galaxies: high-redshift, intergalactic medium},
     year = 2013,
    month = apr,
   volume = 430,
    pages = {2427-2445},
      doi = {10.1093/mnras/stt066},
   adsurl = {http://adsabs.harvard.edu/abs/2013MNRAS.430.2427R},
  adsnote = {Provided by the SAO/NASA Astrophysics Data System}
}

@ARTICLE{2012MNRAS.425L..51W,
   author = {{Wolcott-Green}, J. and {Haiman}, Z.},
    title = "{Feedback from the infrared background in the early Universe}",
  journal = {\mnras},
archivePrefix = "arXiv",
   eprint = {1206.1861},
 keywords = {molecular processes, stars: Population III, galaxies: formation, cosmology: theory, early Universe},
     year = 2012,
    month = sep,
   volume = 425,
    pages = {L51-L55},
      doi = {10.1111/j.1745-3933.2012.01298.x},
   adsurl = {http://adsabs.harvard.edu/abs/2012MNRAS.425L..51W},
  adsnote = {Provided by the SAO/NASA Astrophysics Data System}
}

@ARTICLE{1996ApJ...468..269D,
   author = {{Draine}, B.~T. and {Bertoldi}, F.},
    title = "{Structure of Stationary Photodissociation Fronts}",
  journal = {\apj},
   eprint = {astro-ph/9603032},
 keywords = {INFRARED: ISM: LINES AND BANDS, ISM: REFLECTION NEBULAE, MOLECULAR PROCESSES, RADIATIVE TRANSFER, ULTRAVIOLET: ISM},
     year = 1996,
    month = sep,
   volume = 468,
    pages = {269},
      doi = {10.1086/177689},
   adsurl = {http://adsabs.harvard.edu/abs/1996ApJ...468..269D},
  adsnote = {Provided by the SAO/NASA Astrophysics Data System}
}

@ARTICLE{2013MNRAS.433.3005D,
   author = {{De Rijcke}, S. and {Schroyen}, J. and {Vandenbroucke}, B. and 
	{Jachowicz}, N. and {Decroos}, J. and {Cloet-Osselaer}, A. and 
	{Koleva}, M.},
    title = "{New composition-dependent cooling and heating curves for galaxy evolution simulations}",
  journal = {\mnras},
archivePrefix = "arXiv",
   eprint = {1306.4860},
 keywords = {atomic processes, hydrodynamics, plasmas, ISM: general},
     year = 2013,
    month = aug,
   volume = 433,
    pages = {3005-3016},
      doi = {10.1093/mnras/stt942},
   adsurl = {http://adsabs.harvard.edu/abs/2013MNRAS.433.3005D},
  adsnote = {Provided by the SAO/NASA Astrophysics Data System}
}

@ARTICLE{2009MNRAS.393...99W,
   author = {{Wiersma}, R.~P.~C. and {Schaye}, J. and {Smith}, B.~D.},
    title = "{The effect of photoionization on the cooling rates of enriched, astrophysical plasmas}",
  journal = {\mnras},
archivePrefix = "arXiv",
   eprint = {0807.3748},
 keywords = {atomic processes , plasmas , cooling flows , galaxies: formation , intergalactic medium},
     year = 2009,
    month = feb,
   volume = 393,
    pages = {99-107},
      doi = {10.1111/j.1365-2966.2008.14191.x},
   adsurl = {http://adsabs.harvard.edu/abs/2009MNRAS.393...99W},
  adsnote = {Provided by the SAO/NASA Astrophysics Data System}
}

@ARTICLE{2017MNRAS.466.2217S,
   author = {{Smith}, B.~D. and {Bryan}, G.~L. and {Glover}, S.~C.~O. and 
	{Goldbaum}, N.~J. and {Turk}, M.~J. and {Regan}, J. and {Wise}, J.~H. and 
	{Schive}, H.-Y. and {Abel}, T. and {Emerick}, A. and {O'Shea}, B.~W. and 
	{Anninos}, P. and {Hummels}, C.~B. and {Khochfar}, S.},
    title = "{GRACKLE: a chemistry and cooling library for astrophysics}",
  journal = {\mnras},
archivePrefix = "arXiv",
   eprint = {1610.09591},
 keywords = {astrochemistry, methods: numerical, galaxies: formation},
     year = 2017,
    month = apr,
   volume = 466,
    pages = {2217-2234},
      doi = {10.1093/mnras/stw3291},
   adsurl = {http://adsabs.harvard.edu/abs/2017MNRAS.466.2217S},
  adsnote = {Provided by the SAO/NASA Astrophysics Data System}
}

@ARTICLE{2010ApJS..186..457S,
   author = {{Schive}, H.-Y. and {Tsai}, Y.-C. and {Chiueh}, T.},
    title = "{GAMER: A Graphic Processing Unit Accelerated Adaptive-Mesh-Refinement Code for Astrophysics}",
  journal = {\apjs},
archivePrefix = "arXiv",
   eprint = {0907.3390},
 primaryClass = "astro-ph.IM",
 keywords = {gravitation, hydrodynamics, methods: numerical},
     year = 2010,
    month = feb,
   volume = 186,
    pages = {457-484},
      doi = {10.1088/0067-0049/186/2/457},
   adsurl = {http://adsabs.harvard.edu/abs/2010ApJS..186..457S},
  adsnote = {Provided by the SAO/NASA Astrophysics Data System}
}

@ARTICLE{2002A&A...385..337T,
   author = {{Teyssier}, R.},
    title = "{Cosmological hydrodynamics with adaptive mesh refinement. A new high resolution code called RAMSES}",
  journal = {\aap},
   eprint = {astro-ph/0111367},
 keywords = {GRAVITATION, HYDRODYNAMICS, METHODS: NUMERICAL, COSMOLOGY: THEORY, COSMOLOGY: LARGE-SCALE STRUCTURE OF UNIVERSE},
     year = 2002,
    month = apr,
   volume = 385,
    pages = {337-364},
      doi = {10.1051/0004-6361:20011817},
   adsurl = {http://adsabs.harvard.edu/abs/2002A%26A...385..337T},
  adsnote = {Provided by the SAO/NASA Astrophysics Data System}
}

@ARTICLE{2005MNRAS.364.1105S,
   author = {{Springel}, V.},
    title = "{The cosmological simulation code GADGET-2}",
  journal = {\mnras},
   eprint = {astro-ph/0505010},
 keywords = {methods: numerical, galaxies: interactions, dark matter},
     year = 2005,
    month = dec,
   volume = 364,
    pages = {1105-1134},
      doi = {10.1111/j.1365-2966.2005.09655.x},
   adsurl = {http://adsabs.harvard.edu/abs/2005MNRAS.364.1105S},
  adsnote = {Provided by the SAO/NASA Astrophysics Data System}
}

@ARTICLE{2004NewA....9..137W,
   author = {{Wadsley}, J.~W. and {Stadel}, J. and {Quinn}, T.},
    title = "{Gasoline: a flexible, parallel implementation of TreeSPH}",
  journal = {New Astronomy},
   eprint = {astro-ph/0303521},
     year = 2004,
    month = feb,
   volume = 9,
    pages = {137-158},
      doi = {10.1016/j.newast.2003.08.004},
   adsurl = {http://adsabs.harvard.edu/abs/2004NewA....9..137W},
  adsnote = {Provided by the SAO/NASA Astrophysics Data System}
}

@PHDTHESIS{1999PhDT........25K,
   author = {{Kravtsov}, A.~V.},
    title = "{High-resolution simulations of structure formation in the universe}",
   school = {NEW MEXICO STATE UNIVERSITY},
     year = 1999,
   adsurl = {http://adsabs.harvard.edu/abs/1999PhDT........25K},
  adsnote = {Provided by the SAO/NASA Astrophysics Data System}
}

@ARTICLE{2002ApJ...571..563K,
   author = {{Kravtsov}, A.~V. and {Klypin}, A. and {Hoffman}, Y.},
    title = "{Constrained Simulations of the Real Universe. II. Observational Signatures of Intergalactic Gas in the Local Supercluster Region}",
  journal = {\apj},
   eprint = {astro-ph/0109077},
 keywords = {Cosmology: Theory, Cosmology: Large-Scale Structure of Universe, Methods: Numerical},
     year = 2002,
    month = jun,
   volume = 571,
    pages = {563-575},
      doi = {10.1086/340046},
   adsurl = {http://adsabs.harvard.edu/abs/2002ApJ...571..563K},
  adsnote = {Provided by the SAO/NASA Astrophysics Data System}
}

@ARTICLE{2008ApJ...672...19R,
   author = {{Rudd}, D.~H. and {Zentner}, A.~R. and {Kravtsov}, A.~V.},
    title = "{Effects of Baryons and Dissipation on the Matter Power Spectrum}",
  journal = {\apj},
   eprint = {astro-ph/0703741},
 keywords = {cosmology: theory, galaxies: clusters: general, galaxies: evolution, methods: numerical },
     year = 2008,
    month = jan,
   volume = 672,
      eid = {19-32},
    pages = {19-32},
      doi = {10.1086/523836},
   adsurl = {http://adsabs.harvard.edu/abs/2008ApJ...672...19R},
  adsnote = {Provided by the SAO/NASA Astrophysics Data System}
}

@ARTICLE{2006MNRAS.373.1074S,
   author = {{Stinson}, G. and {Seth}, A. and {Katz}, N. and {Wadsley}, J. and 
	{Governato}, F. and {Quinn}, T.},
    title = "{Star formation and feedback in smoothed particle hydrodynamic simulations - I. Isolated galaxies}",
  journal = {\mnras},
   eprint = {astro-ph/0602350},
 keywords = {hydrodynamics, methods: N-body simulations, stars: formation, Galaxy: evolution},
     year = 2006,
    month = dec,
   volume = 373,
    pages = {1074-1090},
      doi = {10.1111/j.1365-2966.2006.11097.x},
   adsurl = {http://adsabs.harvard.edu/abs/2006MNRAS.373.1074S},
  adsnote = {Provided by the SAO/NASA Astrophysics Data System}
}

@INPROCEEDINGS{2012ASPC..453..141R,
   author = {{Revaz}, Y. and {Jablonka}, P.},
    title = "{GEAR: A Window on the World of Dwarf Galaxies}",
booktitle = {Advances in Computational Astrophysics: Methods, Tools, and Outcome},
     year = 2012,
   series = {Astronomical Society of the Pacific Conference Series},
   volume = 453,
   editor = {{Capuzzo-Dolcetta}, R. and {Limongi}, M. and {Tornamb{\`e}}, A.
	},
    month = jul,
    pages = {141},
   adsurl = {http://adsabs.harvard.edu/abs/2012ASPC..453..141R},
  adsnote = {Provided by the SAO/NASA Astrophysics Data System}
}

@ARTICLE{2012A&A...538A..82R,
   author = {{Revaz}, Y. and {Jablonka}, P.},
    title = "{The dynamical and chemical evolution of dwarf spheroidal galaxies with GEAR}",
  journal = {\aap},
archivePrefix = "arXiv",
   eprint = {1109.0989},
 keywords = {galaxies: evolution, dark matter, galaxies: dwarf, galaxies: abundances, galaxies: formation, galaxies: star formation},
     year = 2012,
    month = feb,
   volume = 538,
      eid = {A82},
    pages = {A82},
      doi = {10.1051/0004-6361/201117402},
   adsurl = {http://adsabs.harvard.edu/abs/2012A%26A...538A..82R},
  adsnote = {Provided by the SAO/NASA Astrophysics Data System}
}

@ARTICLE{2015MNRAS.450...53H,
   author = {{Hopkins}, P.~F.},
    title = "{A new class of accurate, mesh-free hydrodynamic simulation methods}",
  journal = {\mnras},
archivePrefix = "arXiv",
   eprint = {1409.7395},
 keywords = {hydrodynamics, instabilities, turbulence, methods: numerical, cosmology: theory},
     year = 2015,
    month = jun,
   volume = 450,
    pages = {53-110},
      doi = {10.1093/mnras/stv195},
   adsurl = {http://adsabs.harvard.edu/abs/2015MNRAS.450...53H},
  adsnote = {Provided by the SAO/NASA Astrophysics Data System}
}

@ARTICLE{2015arXiv151100011O,
   author = {{Ocvirk}, P. and {Gillet}, N. and {Shapiro}, P.~R. and {Aubert}, D. and 
	{Iliev}, I.~T. and {Teyssier}, R. and {Yepes}, G. and {Choi}, J.-H. and 
	{Sullivan}, D. and {Knebe}, A. and {Gottloeber}, S. and {D'Aloisio}, A. and 
	{Park}, H. and {Hoffman}, Y. and {Stranex}, T.},
    title = "{Cosmic Dawn (CoDa): the First Radiation-Hydrodynamics Simulation of Reionization and Galaxy Formation in the Local Universe}",
  journal = {ArXiv e-prints},
  archivePrefix = "arXiv",
   eprint = {1511.00011},
 keywords = {Astrophysics - Astrophysics of Galaxies, Astrophysics - Cosmology and Nongalactic Astrophysics},
     year = 2015,
    month = oct,
   adsurl = {http://adsabs.harvard.edu/abs/2015arXiv151100011O},
   adsnote = {Provided by the SAO/NASA Astrophysics Data System}
}

@ARTICLE{2010MNRAS.401..791S,
   author = {{Springel}, V.},
    title = "{E pur si muove: Galilean-invariant cosmological hydrodynamical simulations on a moving mesh}",
  journal = {\mnras},
archivePrefix = "arXiv",
   eprint = {0901.4107},
 keywords = {methods: numerical, galaxies: interactions, cosmology: dark matter},
     year = 2010,
    month = jan,
   volume = 401,
    pages = {791-851},
      doi = {10.1111/j.1365-2966.2009.15715.x},
   adsurl = {http://adsabs.harvard.edu/abs/2010MNRAS.401..791S},
  adsnote = {Provided by the SAO/NASA Astrophysics Data System}
}

@ARTICLE{2003ApJS..147..177A,
   author = {{Anninos}, P. and {Fragile}, P.~C. and {Murray}, S.~D.},
    title = "{Cosmos: A Radiation-Chemo-Hydrodynamics Code for Astrophysical Problems}",
  journal = {\apjs},
   eprint = {astro-ph/0303209},
 keywords = {Diffusion, Hydrodynamics, Instabilities, Methods: Numerical, Shock Waves},
     year = 2003,
    month = jul,
   volume = 147,
    pages = {177-186},
      doi = {10.1086/375184},
   adsurl = {http://adsabs.harvard.edu/abs/2003ApJS..147..177A},
  adsnote = {Provided by the SAO/NASA Astrophysics Data System}
}

@ARTICLE{2005ApJ...635..723A,
   author = {{Anninos}, P. and {Fragile}, P.~C. and {Salmonson}, J.~D.},
    title = "{Cosmos++: Relativistic Magnetohydrodynamics on Unstructured Grids with Local Adaptive Refinement}",
  journal = {\apj},
   eprint = {astro-ph/0509254},
 keywords = {Hydrodynamics, Methods: Numerical, Magnetohydrodynamics: MHD, Relativity},
     year = 2005,
    month = dec,
   volume = 635,
    pages = {723-740},
      doi = {10.1086/497294},
   adsurl = {http://adsabs.harvard.edu/abs/2005ApJ...635..723A},
  adsnote = {Provided by the SAO/NASA Astrophysics Data System}
}

@ARTICLE{2014ApJS..211...19B,
   author = {{Bryan}, G.~L. and {Norman}, M.~L. and {O'Shea}, B.~W. and {Abel}, T. and 
	{Wise}, J.~H. and {Turk}, M.~J. and {Reynolds}, D.~R. and {Collins}, D.~C. and 
	{Wang}, P. and {Skillman}, S.~W. and {Smith}, B. and {Harkness}, R.~P. and 
	{Bordner}, J. and {Kim}, J.-h. and {Kuhlen}, M. and {Xu}, H. and 
	{Goldbaum}, N. and {Hummels}, C. and {Kritsuk}, A.~G. and {Tasker}, E. and 
	{Skory}, S. and {Simpson}, C.~M. and {Hahn}, O. and {Oishi}, J.~S. and 
	{So}, G.~C. and {Zhao}, F. and {Cen}, R. and {Li}, Y. and {Enzo Collaboration}
	},
    title = "{ENZO: An Adaptive Mesh Refinement Code for Astrophysics}",
  journal = {\apjs},
archivePrefix = "arXiv",
   eprint = {1307.2265},
 primaryClass = "astro-ph.IM",
 keywords = {hydrodynamics, methods: numerical},
     year = 2014,
    month = apr,
   volume = 211,
      eid = {19},
    pages = {19},
      doi = {10.1088/0067-0049/211/2/19},
   adsurl = {http://adsabs.harvard.edu/abs/2014ApJS..211...19B},
  adsnote = {Provided by the SAO/NASA Astrophysics Data System}
}

@ARTICLE{2012MNRAS.422.3037R,
   author = {{Read}, J.~I. and {Hayfield}, T.},
    title = "{SPHS: smoothed particle hydrodynamics with a higher order dissipation switch}",
  journal = {\mnras},
archivePrefix = "arXiv",
   eprint = {1111.6985},
 keywords = {hydrodynamics, instabilities, methods: numerical},
     year = 2012,
    month = jun,
   volume = 422,
    pages = {3037-3055},
      doi = {10.1111/j.1365-2966.2012.20819.x},
   adsurl = {http://adsabs.harvard.edu/abs/2012MNRAS.422.3037R},
  adsnote = {Provided by the SAO/NASA Astrophysics Data System}
}

@ARTICLE{2013arXiv1309.3783G,
   author = {{Gonnet}, P. and {Schaller}, M. and {Theuns}, T. and {Chalk}, A.~B.~G.
	},
    title = "{SWIFT: Fast algorithms for multi-resolution SPH on multi-core architectures}",
  journal = {ArXiv e-prints:1309.3783},
archivePrefix = "arXiv",
   eprint = {1309.3783},
 primaryClass = "astro-ph.IM",
 keywords = {Astrophysics - Instrumentation and Methods for Astrophysics, Astrophysics - Cosmology and Extragalactic Astrophysics, Computer Science - Distributed, Parallel, and Cluster Computing},
     year = 2013,
    month = sep,
   adsurl = {http://adsabs.harvard.edu/abs/2013arXiv1309.3783G},
  adsnote = {Provided by the SAO/NASA Astrophysics Data System}
}

@ARTICLE{2016arXiv160602738S,
   author = {{Schaller}, M. and {Gonnet}, P. and {Chalk}, A.~B.~G. and {Draper}, P.~W.
	},
    title = "{SWIFT: Using task-based parallelism, fully asynchronous communication, and graph partition-based domain decomposition for strong scaling on more than 100,000 cores}",
  journal = {ArXiv e-prints:1606.02738},
archivePrefix = "arXiv",
   eprint = {1606.02738},
 primaryClass = "cs.DC",
 keywords = {Computer Science - Distributed, Parallel, and Cluster Computing, Astrophysics - Instrumentation and Methods for Astrophysics},
     year = 2016,
    month = jun,
   adsurl = {http://adsabs.harvard.edu/abs/2016arXiv160602738S},
  adsnote = {Provided by the SAO/NASA Astrophysics Data System}
}

@ARTICLE{2014ApJS..210...14K,
   author = {{Kim}, J.-h. and {Abel}, T. and {Agertz}, O. and {Bryan}, G.~L. and 
	{Ceverino}, D. and {Christensen}, C. and {Conroy}, C. and {Dekel}, A. and 
	{Gnedin}, N.~Y. and {Goldbaum}, N.~J. and {Guedes}, J. and {Hahn}, O. and 
	{Hobbs}, A. and {Hopkins}, P.~F. and {Hummels}, C.~B. and {Iannuzzi}, F. and 
	{Keres}, D. and {Klypin}, A. and {Kravtsov}, A.~V. and {Krumholz}, M.~R. and 
	{Kuhlen}, M. and {Leitner}, S.~N. and {Madau}, P. and {Mayer}, L. and 
	{Moody}, C.~E. and {Nagamine}, K. and {Norman}, M.~L. and {Onorbe}, J. and 
	{O'Shea}, B.~W. and {Pillepich}, A. and {Primack}, J.~R. and 
	{Quinn}, T. and {Read}, J.~I. and {Robertson}, B.~E. and {Rocha}, M. and 
	{Rudd}, D.~H. and {Shen}, S. and {Smith}, B.~D. and {Szalay}, A.~S. and 
	{Teyssier}, R. and {Thompson}, R. and {Todoroki}, K. and {Turk}, M.~J. and 
	{Wadsley}, J.~W. and {Wise}, J.~H. and {Zolotov}, A. and {AGORA Collaboration29},t.
	},
    title = "{The AGORA High-resolution Galaxy Simulations Comparison Project}",
  journal = {\apjs},
archivePrefix = "arXiv",
   eprint = {1308.2669},
 primaryClass = "astro-ph.GA",
 keywords = {cosmology: theory, dark matter, galaxies: formation, galaxies: evolution, hydrodynamics, methods: numerical},
     year = 2014,
    month = jan,
   volume = 210,
      eid = {14},
    pages = {14},
      doi = {10.1088/0067-0049/210/1/14},
   adsurl = {http://adsabs.harvard.edu/abs/2014ApJS..210...14K},
  adsnote = {Provided by the SAO/NASA Astrophysics Data System}
}

@ARTICLE{2016ApJ...833..202K,
   author = {{Kim}, J.-h. and {Agertz}, O. and {Teyssier}, R. and {Butler}, M.~J. and 
	{Ceverino}, D. and {Choi}, J.-H. and {Feldmann}, R. and {Keller}, B.~W. and 
	{Lupi}, A. and {Quinn}, T. and {Revaz}, Y. and {Wallace}, S. and 
	{Gnedin}, N.~Y. and {Leitner}, S.~N. and {Shen}, S. and {Smith}, B.~D. and 
	{Thompson}, R. and {Turk}, M.~J. and {Abel}, T. and {Arraki}, K.~S. and 
	{Benincasa}, S.~M. and {Chakrabarti}, S. and {DeGraf}, C. and 
	{Dekel}, A. and {Goldbaum}, N.~J. and {Hopkins}, P.~F. and {Hummels}, C.~B. and 
	{Klypin}, A. and {Li}, H. and {Madau}, P. and {Mandelker}, N. and 
	{Mayer}, L. and {Nagamine}, K. and {Nickerson}, S. and {O'Shea}, B.~W. and 
	{Primack}, J.~R. and {Roca-F{\`a}brega}, S. and {Semenov}, V. and 
	{Shimizu}, I. and {Simpson}, C.~M. and {Todoroki}, K. and {Wadsley}, J.~W. and 
	{Wise}, J.~H. and {AGORA Collaboration}},
    title = "{The AGORA High-resolution Galaxy Simulations Comparison Project. II. Isolated Disk Test}",
  journal = {\apj},
archivePrefix = "arXiv",
   eprint = {1610.03066},
 keywords = {cosmology: theory, galaxies: evolution, galaxies: formation, galaxies: kinematics and dynamics, ISM: structure, methods: numerical},
     year = 2016,
    month = dec,
   volume = 833,
      eid = {202},
    pages = {202},
      doi = {10.3847/1538-4357/833/2/202},
   adsurl = {http://adsabs.harvard.edu/abs/2016ApJ...833..202K},
  adsnote = {Provided by the SAO/NASA Astrophysics Data System}
}

@ARTICLE{2009Sci...325..601T,
   author = {{Turk}, M.~J. and {Abel}, T. and {O'Shea}, B.},
    title = "{The Formation of Population III Binaries from Cosmological Initial Conditions}",
  journal = {Science},
archivePrefix = "arXiv",
   eprint = {0907.2919},
 primaryClass = "astro-ph.CO",
     year = 2009,
    month = jul,
   volume = 325,
    pages = {601},
      doi = {10.1126/science.1173540},
   adsurl = {http://adsabs.harvard.edu/abs/2009Sci...325..601T},
  adsnote = {Provided by the SAO/NASA Astrophysics Data System}
}

@ARTICLE{2004MNRAS.348.1019R,
   author = {{Ripamonti}, E. and {Abel}, T.},
    title = "{Fragmentation and the formation of primordial protostars: the possible role of collision-induced emission}",
  journal = {\mnras},
   eprint = {astro-ph/0311355},
 keywords = {instabilities, molecular processes, stars: formation},
     year = 2004,
    month = mar,
   volume = 348,
    pages = {1019-1034},
      doi = {10.1111/j.1365-2966.2004.07422.x},
   adsurl = {http://adsabs.harvard.edu/abs/2004MNRAS.348.1019R},
  adsnote = {Provided by the SAO/NASA Astrophysics Data System}
}

@ARTICLE{1979ApJS...41..555H,
   author = {{Hollenbach}, D. and {McKee}, C.~F.},
    title = "{Molecule formation and infrared emission in fast interstellar shocks. I Physical processes}",
  journal = {\apjs},
     year = 1979,
    month = nov,
   volume = 41,
    pages = {555-592},
      doi = {10.1086/190631},
   adsurl = {http://adsabs.harvard.edu/abs/1979ApJS...41..555H},
  adsnote = {Provided by the Smithsonian/NASA Astrophysics Data System}
}

@ARTICLE{2013RMxAA..49..137F,
   author = {{Ferland}, G.~J. and {Porter}, R.~L. and {van Hoof}, P.~A.~M. and 
	{Williams}, R.~J.~R. and {Abel}, N.~P. and {Lykins}, M.~L. and 
	{Shaw}, G. and {Henney}, W.~J. and {Stancil}, P.~C.},
    title = "{The 2013 Release of Cloudy}",
  journal = {Revista Mexicana de Astronomia y Astrofisica},
archivePrefix = "arXiv",
   eprint = {1302.4485},
 primaryClass = "astro-ph.GA",
 keywords = {atomic processes, galaxies: active, methods: numerical, molecular processes, radiation mechanisms: general},
     year = 2013,
    month = apr,
   volume = 49,
    pages = {137-163},
   adsurl = {http://adsabs.harvard.edu/abs/2013RMxAA..49..137F},
  adsnote = {Provided by the SAO/NASA Astrophysics Data System}
}

@ARTICLE{1997NewA....2..209A,
   author = {{Anninos}, P. and {Zhang}, Y. and {Abel}, T. and {Norman}, M.~L.
	},
    title = "{Cosmological hydrodynamics with multi-species chemistry and nonequilibrium ionization and cooling}",
  journal = {New Astronomy},
   eprint = {astro-ph/9608041},
     year = 1997,
    month = aug,
   volume = 2,
    pages = {209-224},
      doi = {10.1016/S1384-1076(97)00009-2},
   adsurl = {http://adsabs.harvard.edu/abs/1997NewA....2..209A},
  adsnote = {Provided by the SAO/NASA Astrophysics Data System}
}

@ARTICLE{2012MNRAS.421..116G,
   author = {{Glover}, S.~C.~O. and {Clark}, P.~C.},
    title = "{Approximations for modelling CO chemistry in giant molecular clouds: a comparison of approaches}",
  journal = {\mnras},
archivePrefix = "arXiv",
   eprint = {1102.0670},
 keywords = {molecular processes, ISM: clouds, ISM: molecules, galaxies: ISM},
     year = 2012,
    month = mar,
   volume = 421,
    pages = {116-131},
      doi = {10.1111/j.1365-2966.2011.20260.x},
   adsurl = {http://adsabs.harvard.edu/abs/2012MNRAS.421..116G},
  adsnote = {Provided by the SAO/NASA Astrophysics Data System}
}

@ARTICLE{2012JCoPh.231.5266G,
   author = {{Guidry}, M.},
    title = "{Algebraic stabilization of explicit numerical integration for extremely stiff reaction networks}",
  journal = {Journal of Computational Physics},
archivePrefix = "arXiv",
   eprint = {1112.4778},
 primaryClass = "astro-ph.SR",
     year = 2012,
    month = jun,
   volume = 231,
    pages = {5266-5288},
      doi = {10.1016/j.jcp.2012.04.026},
   adsurl = {http://adsabs.harvard.edu/abs/2012JCoPh.231.5266G},
  adsnote = {Provided by the SAO/NASA Astrophysics Data System}
}

@ARTICLE{1993ApJS...88..253S,
   author = {{Sutherland}, R.~S. and {Dopita}, M.~A.},
    title = "{Cooling functions for low-density astrophysical plasmas}",
  journal = {\apjs},
     year = 1993,
    month = sep,
   volume = 88,
    pages = {253-327},
      doi = {10.1086/191823},
   adsurl = {http://adsabs.harvard.edu/cgi-bin/nph-bib_query?bibcode=1993ApJS...88..253S&db_key=AST},
  adsnote = {Provided by the Smithsonian/NASA Astrophysics Data System}
}

@ARTICLE{2016ApJ...820...71C,
   author = {{Crosby}, B.~D. and {O'Shea}, B.~W. and {Beers}, T.~C. and {Tumlinson}, J.
	},
    title = "{Tracing the Evolution of High-redshift Galaxies Using Stellar Abundances}",
  journal = {\apj},
 keywords = {galaxies: evolution, galaxies: high-redshift, galaxies: ISM, methods: analytical, methods: numerical},
     year = 2016,
    month = mar,
   volume = 820,
      eid = {71},
    pages = {71},
      doi = {10.3847/0004-637X/820/1/71},
   adsurl = {http://adsabs.harvard.edu/abs/2016ApJ...820...71C},
  adsnote = {Provided by the SAO/NASA Astrophysics Data System}
}


@ARTICLE{2011ApJS..192....9T,
   author = {{Turk}, M.~J. and {Smith}, B.~D. and {Oishi}, J.~S. and {Skory}, S. and 
	{Skillman}, S.~W. and {Abel}, T. and {Norman}, M.~L.},
    title = "{yt: A Multi-code Analysis Toolkit for Astrophysical Simulation Data}",
  journal = {\apjs},
archivePrefix = "arXiv",
   eprint = {1011.3514},
 primaryClass = "astro-ph.IM",
 keywords = {cosmology: theory, methods: data analysis, methods: numerical},
     year = 2011,
    month = jan,
   volume = 192,
      eid = {9},
    pages = {9},
      doi = {10.1088/0067-0049/192/1/9},
   adsurl = {http://adsabs.harvard.edu/abs/2011ApJS..192....9T},
  adsnote = {Provided by the SAO/NASA Astrophysics Data System}
}

@ARTICLE{2002Sci...295...93A,
   author = {{Abel}, T. and {Bryan}, G.~L. and {Norman}, M.~L.},
    title = "{The Formation of the First Star in the Universe}",
  journal = {Science},
     year = 2002,
    month = jan,
   volume = 295,
    pages = {93-98},
      doi = {10.1126/science.1063991},
   adsurl = {http://adsabs.harvard.edu/cgi-bin/nph-bib_query?bibcode=2002Sci...295...93A&db_key=AST},
  adsnote = {Provided by the Smithsonian/NASA Astrophysics Data System}
}

@ARTICLE{2011MNRAS.414.3458W,
   author = {{Wise}, J.~H. and {Abel}, T.},
    title = "{ENZO+MORAY: radiation hydrodynamics adaptive mesh refinement simulations with adaptive ray tracing}",
  journal = {\mnras},
archivePrefix = "arXiv",
   eprint = {1012.2865},
 primaryClass = "astro-ph.IM",
 keywords = {hydrodynamics, radiative transfer, methods: numerical},
     year = 2011,
    month = jul,
   volume = 414,
    pages = {3458-3491},
      doi = {10.1111/j.1365-2966.2011.18646.x},
   adsurl = {http://adsabs.harvard.edu/abs/2011MNRAS.414.3458W},
  adsnote = {Provided by the SAO/NASA Astrophysics Data System}
}

@ARTICLE{2014ApJ...783...75M,
   author = {{Meece}, G.~R. and {Smith}, B.~D. and {O'Shea}, B.~W.},
    title = "{Fragmentation in Dusty Low-metallicity Star-forming Halos}",
  journal = {\apj},
archivePrefix = "arXiv",
   eprint = {1309.4090},
 primaryClass = "astro-ph.SR",
 keywords = {early universe, galaxies: formation, stars: formation, stars: Population III},
     year = 2014,
    month = mar,
   volume = 783,
      eid = {75},
    pages = {75},
      doi = {10.1088/0004-637X/783/2/75},
   adsurl = {http://adsabs.harvard.edu/abs/2014ApJ...783...75M},
  adsnote = {Provided by the SAO/NASA Astrophysics Data System}
}

@techreport{c99,
    author = {{ISO}},
    citeulike-article-id = {2515627},
    citeulike-linkout-0 = {http://www.open-std.org/JTC1/SC22/WG14/www/docs/n1124.pdf},
    institution = {ISO/IEC},
    keywords = {c-language, foundation},
    number = {WG14 N1124},
    posted-at = {2008-06-09 09:33:44},
    priority = {0},
    title = {{The ANSI C standard (C99)}},
    url = {http://www.open-std.org/JTC1/SC22/WG14/www/docs/n1124.pdf},
    year = {1999}
}

@inproceedings{Haidar2016PerformanceAA,
  title={Performance analysis and acceleration of explicit integration for large kinetic networks using batched GPU computations},
  author={Azzam Haidar and Benjamin Brock and Stanimire Tomov and Michael Guidry and Jay Jay Billings and Daniel Shyles and Jack J. Dongarra},
  booktitle={IEEE High Performance Extreme Computing Conference},
  year={2016}
}

@inproceedings{LSODE,
  title={Description and Use of LSODE, the Livermore Solver for Ordinary Differential Equations},
  author={Krishnan Radhakrishnan and Alan Hindmarsh},
  booktitle={NASA Reference Publication 1327, Lawrence Livermore National Laboratory Report UCRL-ID-113855},
url={https://computation.llnl.gov/casc/nsde/pubs/u113855.pdf},
  year={1993}
}

@ARTICLE{2017ApJ...843...38G,
   author = {{Gong}, M. and {Ostriker}, E.~C. and {Wolfire}, M.~G.},
    title = "{A Simple and Accurate Network for Hydrogen and Carbon Chemistry in the Interstellar Medium}",
  journal = {\apj},
archivePrefix = "arXiv",
   eprint = {1610.09023},
 keywords = {astrochemistry, ISM: clouds, ISM: molecules, molecular processes, stars:formation},
     year = 2017,
    month = jul,
   volume = 843,
      eid = {38},
    pages = {38},
      doi = {10.3847/1538-4357/aa7561},
   adsurl = {http://adsabs.harvard.edu/abs/2017ApJ...843...38G},
  adsnote = {Provided by the SAO/NASA Astrophysics Data System}
}

@ARTICLE{2014MNRAS.439.2386G,
   author = {{Grassi}, T. and {Bovino}, S. and {Schleicher}, D.~R.~G. and 
	{Prieto}, J. and {Seifried}, D. and {Simoncini}, E. and {Gianturco}, F.~A.
	},
    title = "{KROME - a package to embed chemistry in astrophysical simulations}",
  journal = {\mnras},
archivePrefix = "arXiv",
   eprint = {1311.1070},
 keywords = {astrochemistry, methods: numerical, ISM: evolution, ISM: molecules},
     year = 2014,
    month = apr,
   volume = 439,
    pages = {2386-2419},
      doi = {10.1093/mnras/stu114},
   adsurl = {http://adsabs.harvard.edu/abs/2014MNRAS.439.2386G},
  adsnote = {Provided by the SAO/NASA Astrophysics Data System}
}

@ARTICLE{2013MNRAS.434.1043O,
   author = {{Oppenheimer}, B.~D. and {Schaye}, J.},
    title = "{Non-equilibirum ionization and cooling of metal-enriched gas in the presence of a photoionization background}",
  journal = {\mnras},
archivePrefix = "arXiv",
   eprint = {1302.5710},
 keywords = {atomic processes, plasmas, galaxies: formation, intergalactic medium, quasars: absorption lines, cosmology: theory},
     year = 2013,
    month = sep,
   volume = 434,
    pages = {1043-1062},
      doi = {10.1093/mnras/stt1043},
   adsurl = {http://adsabs.harvard.edu/abs/2013MNRAS.434.1043O},
  adsnote = {Provided by the SAO/NASA Astrophysics Data System}
}

@ARTICLE{2005Ap&SS.299....1N,
   author = {{Nejad}, L.~A.~M.},
    title = "{A Comparison of Stiff ODE Solvers for Astrochemical Kinetics Problems}",
  journal = {\apss},
 keywords = {astrochemical kinetics, chemical kinetics, chemical modelling, stiff ODEs},
     year = 2005,
    month = sep,
   volume = 299,
    pages = {1-29},
      doi = {10.1007/s10509-005-2100-z},
   adsurl = {http://adsabs.harvard.edu/abs/2005Ap%26SS.299....1N},
  adsnote = {Provided by the SAO/NASA Astrophysics Data System}
}

@ARTICLE{2013MNRAS.431..455K,
   author = {{Kumar}, A. and {Fisher}, R.~T.},
    title = "{The astrochemical evolution of turbulent giant molecular clouds: physical processes and method of solution for hydrodynamic, embedded starless clouds}",
  journal = {\mnras},
archivePrefix = "arXiv",
   eprint = {1302.0330},
 primaryClass = "astro-ph.SR",
 keywords = {astrochemistry, hydrodynamics, molecular processes, turbulence, stars: formation, ISM: molecules},
     year = 2013,
    month = may,
   volume = 431,
    pages = {455-476},
      doi = {10.1093/mnras/stt171},
   adsurl = {http://adsabs.harvard.edu/abs/2013MNRAS.431..455K},
  adsnote = {Provided by the SAO/NASA Astrophysics Data System}
}

@ARTICLE{2013A&A...559A..53M,
   author = {{Maret}, S. and {Bergin}, E.~A. and {Tafalla}, M.},
    title = "{Chemical modeling of the L1498 and L1517B prestellar cores: CO and HCO$^{+}$ depletion}",
  journal = {\aap},
archivePrefix = "arXiv",
   eprint = {1309.4988},
 keywords = {astrochemistry, ISM: abundances, ISM: molecules, stars: formation},
     year = 2013,
    month = nov,
   volume = 559,
      eid = {A53},
    pages = {A53},
      doi = {10.1051/0004-6361/201322089},
   adsurl = {http://adsabs.harvard.edu/abs/2013A%26A...559A..53M},
  adsnote = {Provided by the SAO/NASA Astrophysics Data System}
}

@ARTICLE{2012ApJS..199...21W,
   author = {{Wakelam}, V. and {Herbst}, E. and {Loison}, J.-C. and {Smith}, I.~W.~M. and 
	{Chandrasekaran}, V. and {Pavone}, B. and {Adams}, N.~G. and 
	{Bacchus-Montabonel}, M.-C. and {Bergeat}, A. and {B{\'e}roff}, K. and 
	{Bierbaum}, V.~M. and {Chabot}, M. and {Dalgarno}, A. and {van Dishoeck}, E.~F. and 
	{Faure}, A. and {Geppert}, W.~D. and {Gerlich}, D. and {Galli}, D. and 
	{H{\'e}brard}, E. and {Hersant}, F. and {Hickson}, K.~M. and 
	{Honvault}, P. and {Klippenstein}, S.~J. and {Le Picard}, S. and 
	{Nyman}, G. and {Pernot}, P. and {Schlemmer}, S. and {Selsis}, F. and 
	{Sims}, I.~R. and {Talbi}, D. and {Tennyson}, J. and {Troe}, J. and 
	{Wester}, R. and {Wiesenfeld}, L.},
    title = "{A KInetic Database for Astrochemistry (KIDA)}",
  journal = {\apjs},
archivePrefix = "arXiv",
   eprint = {1201.5887},
 keywords = {astrochemistry, astronomical databases: miscellaneous, ISM: abundances, ISM: molecules},
     year = 2012,
    month = mar,
   volume = 199,
      eid = {21},
    pages = {21},
      doi = {10.1088/0067-0049/199/1/21},
   adsurl = {http://adsabs.harvard.edu/abs/2012ApJS..199...21W},
  adsnote = {Provided by the SAO/NASA Astrophysics Data System}
}

@ARTICLE{2010A&A...522A..42S,
   author = {{Semenov}, D. and {Hersant}, F. and {Wakelam}, V. and {Dutrey}, A. and 
	{Chapillon}, E. and {Guilloteau}, S. and {Henning}, T. and {Launhardt}, R. and 
	{Pi{\'e}tu}, V. and {Schreyer}, K.},
    title = "{Chemistry in disks. IV. Benchmarking gas-grain chemical models with surface reactions}",
  journal = {\aap},
archivePrefix = "arXiv",
   eprint = {1007.2302},
 keywords = {astrochemistry, molecular processes, molecular data, methods: numerical, ISM: molecules, protoplanetary disks},
     year = 2010,
    month = nov,
   volume = 522,
      eid = {A42},
    pages = {A42},
      doi = {10.1051/0004-6361/201015149},
   adsurl = {http://adsabs.harvard.edu/abs/2010A%26A...522A..42S},
  adsnote = {Provided by the SAO/NASA Astrophysics Data System}
}

@ARTICLE{2000ApJS..131..273F,
   author = {{Fryxell}, B. and {Olson}, K. and {Ricker}, P. and {Timmes}, F.~X. and 
	{Zingale}, M. and {Lamb}, D.~Q. and {MacNeice}, P. and {Rosner}, R. and 
	{Truran}, J.~W. and {Tufo}, H.},
    title = "{FLASH: An Adaptive Mesh Hydrodynamics Code for Modeling Astrophysical Thermonuclear Flashes}",
  journal = {\apjs},
 keywords = {Equation of State, Hydrodynamics, Methods: Numerical, Nuclear Reactions, Nucleosynthesis, Abundances, Stars: General},
     year = 2000,
    month = nov,
   volume = 131,
    pages = {273-334},
      doi = {10.1086/317361},
   adsurl = {http://adsabs.harvard.edu/abs/2000ApJS..131..273F},
  adsnote = {Provided by the SAO/NASA Astrophysics Data System}
}

@ARTICLE{2009arXiv0903.4875D,
   author = {{Dubey}, A. and {Reid}, L.~B. and {Weide}, K. and {Antypas}, K. and 
	{Ganapathy}, M.~K. and {Riley}, K. and {Sheeler}, D. and {Siegal}, A.
	},
    title = "{Extensible Component Based Architecture for FLASH, A Massively Parallel, Multiphysics Simulation Code}",
  journal = {ArXiv e-prints},
archivePrefix = "arXiv",
   eprint = {0903.4875},
 primaryClass = "cs.SE",
 keywords = {Computer Science - Software Engineering},
     year = 2009,
    month = mar,
   adsurl = {http://adsabs.harvard.edu/abs/2009arXiv0903.4875D},
  adsnote = {Provided by the SAO/NASA Astrophysics Data System}
}

@ARTICLE{2012ApJ...745..139L,
   author = {{Li}, P.~S. and {Martin}, D.~F. and {Klein}, R.~I. and {McKee}, C.~F.
	},
    title = "{A Stable, Accurate Methodology for High Mach Number, Strong Magnetic Field MHD Turbulence with Adaptive Mesh Refinement: Resolution and Refinement Studies}",
  journal = {\apj},
archivePrefix = "arXiv",
   eprint = {1111.2784},
 primaryClass = "astro-ph.IM",
 keywords = {ISM: kinematics and dynamics, ISM: magnetic fields, magnetic fields, magnetohydrodynamics: MHD, methods: numerical, stars: formation, turbulence},
     year = 2012,
    month = feb,
   volume = 745,
      eid = {139},
    pages = {139},
      doi = {10.1088/0004-637X/745/2/139},
   adsurl = {http://adsabs.harvard.edu/abs/2012ApJ...745..139L},
  adsnote = {Provided by the SAO/NASA Astrophysics Data System}
}

@ARTICLE{2007MNRAS.377..705F,
   author = {{Flower}, D.~R. and {Harris}, G.~J.},
    title = "{Three-body recombination of hydrogen during primordial star formation}",
  journal = {\mnras},
 keywords = {molecular processes , stars: formation , cosmology: miscellaneous},
     year = 2007,
    month = may,
   volume = 377,
    pages = {705-710},
      doi = {10.1111/j.1365-2966.2007.11632.x},
   adsurl = {http://adsabs.harvard.edu/abs/2007MNRAS.377..705F},
  adsnote = {Provided by the SAO/NASA Astrophysics Data System}
}


@ARTICLE{2007MNRAS.382..133W,
   author = {{Wrathmall}, S.~A. and {Gusdorf}, A. and {Flower}, D.~R.},
    title = "{The excitation of molecular hydrogen by atomic hydrogen in astrophysical media}",
  journal = {\mnras},
 keywords = {molecular data, shock waves, ISM: molecules, cosmology: miscellaneous},
     year = 2007,
    month = nov,
   volume = 382,
    pages = {133-138},
      doi = {10.1111/j.1365-2966.2007.12420.x},
   adsurl = {http://adsabs.harvard.edu/abs/2007MNRAS.382..133W},
  adsnote = {Provided by the SAO/NASA Astrophysics Data System}
}

@ARTICLE{2014ApJ...790...10S,
   author = {{Sternberg}, A. and {Le Petit}, F. and {Roueff}, E. and {Le Bourlot}, J.
	},
    title = "{H I-to-H$_{2}$ Transitions and H I Column Densities in Galaxy Star-forming Regions}",
  journal = {\apj},
archivePrefix = "arXiv",
   eprint = {1404.5042},
 keywords = {galaxies: ISM, ISM: clouds, ISM: general, ISM: structure, stars: formation },
     year = 2014,
    month = jul,
   volume = 790,
      eid = {10},
    pages = {10},
      doi = {10.1088/0004-637X/790/1/10},
   adsurl = {http://adsabs.harvard.edu/abs/2014ApJ...790...10S},
  adsnote = {Provided by the SAO/NASA Astrophysics Data System}
}

@ARTICLE{2015MNRAS.453..810L,
   author = {{Lique}, F.},
    title = "{Revisited study of the ro-vibrational excitation of H$_{2}$ by H: towards a revision of the cooling of astrophysical media}",
  journal = {\mnras},
 keywords = {Molecular data, Molecular processes, scattering},
     year = 2015,
    month = oct,
   volume = 453,
    pages = {810-818},
      doi = {10.1093/mnras/stv1683},
   adsurl = {http://adsabs.harvard.edu/abs/2015MNRAS.453..810L},
  adsnote = {Provided by the SAO/NASA Astrophysics Data System}
}

@ARTICLE{2016MNRAS.457.3732C,
   author = {{Coppola}, C.~M. and {Mizzi}, G. and {Bruno}, D. and {Esposito}, F. and 
	{Galli}, D. and {Palla}, F. and {Longo}, S.},
    title = "{State-to-state vibrational kinetics of H$_{2}$ and H\_2\^{}+ in a post-shock cooling gas with primordial composition}",
  journal = {\mnras},
archivePrefix = "arXiv",
   eprint = {1602.03403},
 keywords = {molecular processes, shock waves, early Universe},
     year = 2016,
    month = apr,
   volume = 457,
    pages = {3732-3742},
      doi = {10.1093/mnras/stw198},
   adsurl = {http://adsabs.harvard.edu/abs/2016MNRAS.457.3732C},
  adsnote = {Provided by the SAO/NASA Astrophysics Data System}
}

@ARTICLE{2017MNRAS.466.2175C,
   author = {{Cheikh Sid Ely}, S. and {Coppola}, C.~M. and {Lique}, F.},
    title = "{State-to-state study of the D + H$_{2}$(v = 0, j) collisions and its astrophysical implications}",
  journal = {\mnras},
 keywords = {Molecular data, Molecular processes, scattering},
     year = 2017,
    month = apr,
   volume = 466,
    pages = {2175-2180},
      doi = {10.1093/mnras/stw3260},
   adsurl = {http://adsabs.harvard.edu/abs/2017MNRAS.466.2175C},
  adsnote = {Provided by the SAO/NASA Astrophysics Data System}
}

@INPROCEEDINGS{2015JPhCS.635b2092R,
   author = {{Rou{\v c}ka}, {\v S}. and {Mulin}, D. and {Jusko}, P. and {Pla{\v s}il}, R. and 
	{Glos{\'{\i}}k}, J.},
    title = "{Ion trap study of the charge transfer and associative detachment reactions of D$^{-}$ + H}",
booktitle = {Journal of Physics Conference Series},
     year = 2015,
   series = {Journal of Physics Conference Series},
   volume = 635,
    month = sep,
      eid = {022092},
    pages = {022092},
      doi = {10.1088/1742-6596/635/2/022092},
   adsurl = {http://adsabs.harvard.edu/abs/2015JPhCS.635b2092R},
  adsnote = {Provided by the SAO/NASA Astrophysics Data System}
}

@ARTICLE{2016ApJ...816...31D,
   author = {{de Ruette}, N. and {Miller}, K.~A. and {O'Connor}, A.~P. and 
	{Urbain}, X. and {Buzard}, C.~F. and {Vissapragada}, S. and 
	{Savin}, D.~W.},
    title = "{Merged-beams Reaction Studies of O + H3$^{+}$}",
  journal = {\apj},
archivePrefix = "arXiv",
   eprint = {1508.07882},
 primaryClass = "astro-ph.IM",
 keywords = {astrobiology, astrochemistry, ISM: molecules, methods: laboratory: molecular, molecular data, molecular processes},
     year = 2016,
    month = jan,
   volume = 816,
      eid = {31},
    pages = {31},
      doi = {10.3847/0004-637X/816/1/31},
   adsurl = {http://adsabs.harvard.edu/abs/2016ApJ...816...31D},
  adsnote = {Provided by the SAO/NASA Astrophysics Data System}
}


@ARTICLE{2015ApJS..219....6O,
   author = {{O'Connor}, A.~P. and {Urbain}, X. and {St{\"u}tzel}, J. and 
	{Miller}, K.~A. and {de Ruette}, N. and {Garrido}, M. and {Savin}, D.~W.
	},
    title = "{Reaction Studies of Neutral Atomic C with H$_{3}$$^{+}$ using a Merged-beams Apparatus}",
  journal = {\apjs},
archivePrefix = "arXiv",
   eprint = {1408.4696},
 primaryClass = "astro-ph.IM",
 keywords = {astrobiology, astrochemistry, ISM: molecules, methods: laboratory: molecular, molecular data, molecular processes},
     year = 2015,
    month = jul,
   volume = 219,
      eid = {6},
    pages = {6},
      doi = {10.1088/0067-0049/219/1/6},
   adsurl = {http://adsabs.harvard.edu/abs/2015ApJS..219....6O},
  adsnote = {Provided by the SAO/NASA Astrophysics Data System}
}

@ARTICLE{2016ApJ...832...31V,
   author = {{Vissapragada}, S. and {Buzard}, C.~F. and {Miller}, K.~A. and 
	{O'Connor}, A.~P. and {de Ruette}, N. and {Urbain}, X. and {Savin}, D.~W.
	},
    title = "{Recommended Thermal Rate Coefficients for the C + H$_{3}$ $^{+}$ Reaction and Some Astrochemical Implications}",
  journal = {\apj},
archivePrefix = "arXiv",
   eprint = {1605.00048},
 primaryClass = "astro-ph.IM",
 keywords = {astrobiology, astrochemistry, ISM: molecules},
     year = 2016,
    month = nov,
   volume = 832,
      eid = {31},
    pages = {31},
      doi = {10.3847/0004-637X/832/1/31},
   adsurl = {http://adsabs.harvard.edu/abs/2016ApJ...832...31V},
  adsnote = {Provided by the SAO/NASA Astrophysics Data System}
}

@ARTICLE{2010PhRvA..82d2708B,
   author = {{Bruhns}, H. and {Kreckel}, H. and {Miller}, K.~A. and {Urbain}, X. and 
	{Savin}, D.~W.},
    title = "{Absolute energy-resolved measurements of the H$^{-}$+H$\rightarrow$H$_{2}$+e$^{-}$ associative detachment reaction using a merged-beam apparatus}",
  journal = {Physical Review A},
 keywords = {Chemical reactions energy disposal and angular distribution as studied by atomic and molecular beams, Atomic molecular ion and heavy-particle collisions, Molecular and chemical processes and interactions, Star formation},
     year = 2010,
    month = oct,
   volume = 82,
   number = 4,
      eid = {042708},
    pages = {042708},
      doi = {10.1103/PhysRevA.82.042708},
   adsurl = {http://adsabs.harvard.edu/abs/2010PhRvA..82d2708B},
  adsnote = {Provided by the SAO/NASA Astrophysics Data System}
}

@ARTICLE{2011PhRvA..84e2709M,
   author = {{Miller}, K.~A. and {Bruhns}, H. and {Eli{\'a}{\v s}ek}, J. and 
	{{\v C}{\'{\i}}{\v z}ek}, M. and {Kreckel}, H. and {Urbain}, X. and 
	{Savin}, D.~W.},
    title = "{Associative detachment of H$^{-}$ + H $\rightarrow$ H$_{2}$ + e$^{-}$}",
  journal = {Physical Review A},
archivePrefix = "arXiv",
   eprint = {1110.0683},
 primaryClass = "physics.atom-ph",
 keywords = {Chemical reactions energy disposal and angular distribution as studied by atomic and molecular beams, Atomic molecular ion and heavy-particle collisions, Molecular and chemical processes and interactions, Star formation},
     year = 2011,
    month = nov,
   volume = 84,
   number = 5,
      eid = {052709},
    pages = {052709},
      doi = {10.1103/PhysRevA.84.052709},
   adsurl = {http://adsabs.harvard.edu/abs/2011PhRvA..84e2709M},
  adsnote = {Provided by the SAO/NASA Astrophysics Data System}
}

@ARTICLE{2017MNRAS.466..105A,
   author = {{Aoyama}, S. and {Hou}, K.-C. and {Shimizu}, I. and {Hirashita}, H. and 
	{Todoroki}, K. and {Choi}, J.-H. and {Nagamine}, K.},
    title = "{Galaxy simulation with dust formation and destruction}",
  journal = {\mnras},
archivePrefix = "arXiv",
   eprint = {1609.07547},
 keywords = {methods: numerical, dust, extinction, galaxies: evolution, galaxies: formation, galaxies: ISM},
     year = 2017,
    month = apr,
   volume = 466,
    pages = {105-121},
      doi = {10.1093/mnras/stw3061},
   adsurl = {http://adsabs.harvard.edu/abs/2017MNRAS.466..105A},
  adsnote = {Provided by the SAO/NASA Astrophysics Data System}
}

@ARTICLE{2017MNRAS.465.2540P,
   author = {{Pallottini}, A. and {Ferrara}, A. and {Gallerani}, S. and {Vallini}, L. and 
	{Maiolino}, R. and {Salvadori}, S.},
    title = "{Zooming on the internal structure of z$\sim$6 galaxies}",
  journal = {\mnras},
archivePrefix = "arXiv",
   eprint = {1609.01719},
     year = 2017,
    month = mar,
   volume = 465,
    pages = {2540-2558},
      doi = {10.1093/mnras/stw2847},
   adsurl = {http://adsabs.harvard.edu/abs/2017MNRAS.465.2540P},
  adsnote = {Provided by the SAO/NASA Astrophysics Data System}
}

@ARTICLE{2017MNRAS.465.2471G,
   author = {{Gentry}, E.~S. and {Krumholz}, M.~R. and {Dekel}, A. and {Madau}, P.
	},
    title = "{Enhanced momentum feedback from clustered supernovae}",
  journal = {\mnras},
archivePrefix = "arXiv",
   eprint = {1606.01242},
 keywords = {hydrodynamics, ISM: bubbles, ISM: supernova remnants},
     year = 2017,
    month = feb,
   volume = 465,
    pages = {2471-2488},
      doi = {10.1093/mnras/stw2746},
   adsurl = {http://adsabs.harvard.edu/abs/2017MNRAS.465.2471G},
  adsnote = {Provided by the SAO/NASA Astrophysics Data System}
}

@ARTICLE{2017ApJ...835..137W,
   author = {{Wu}, B. and {Tan}, J.~C. and {Nakamura}, F. and {Van Loo}, S. and 
	{Christie}, D. and {Collins}, D.},
    title = "{GMC Collisions as Triggers of Star Formation. II. 3D Turbulent, Magnetized Simulations}",
  journal = {\apj},
archivePrefix = "arXiv",
   eprint = {1606.01320},
 keywords = {ISM: clouds, ISM: kinematics and dynamics, ISM: lines and bands, ISM: magnetic fields, ISM: structure, methods: numerical},
     year = 2017,
    month = feb,
   volume = 835,
      eid = {137},
    pages = {137},
      doi = {10.3847/1538-4357/835/2/137},
   adsurl = {http://adsabs.harvard.edu/abs/2017ApJ...835..137W},
  adsnote = {Provided by the SAO/NASA Astrophysics Data System}
}

ARTICLE{2017MNRAS.tmp..110D,
   author = {{Dav{\'e}}, R. and {Rafieferantsoa}, M.~H. and {Thompson}, R.~J. and 
	{Hopkins}, P.~F.},
    title = "{MUFASA: Galaxy star formation, gas, and metal properties across cosmic time}",
  journal = {\mnras},
archivePrefix = "arXiv",
   eprint = {1610.01626},
 keywords = {galaxies: formation, galaxies: evolution, galaxies: star formation, galaxies: abundances, galaxies: ISM, methods: numerical},
     year = 2017,
    month = jan,
      doi = {10.1093/mnras/stx108},
   adsurl = {http://adsabs.harvard.edu/abs/2017MNRAS.tmp..110D},
  adsnote = {Provided by the SAO/NASA Astrophysics Data System}
}

@ARTICLE{2017arXiv170108779H,
   author = {{Hu}, C.-Y. and {Naab}, T. and {Glover}, S.~C.~O. and {Walch}, S. and 
	{Clark}, P.~C.},
    title = "{Variable interstellar radiation fields in simulated dwarf galaxies: supernovae versus photoelectric heating}",
  journal = {ArXiv e-prints},
archivePrefix = "arXiv",
   eprint = {1701.08779},
 keywords = {Astrophysics - Astrophysics of Galaxies},
     year = 2017,
    month = jan,
   adsurl = {http://adsabs.harvard.edu/abs/2017arXiv170108779H},
  adsnote = {Provided by the SAO/NASA Astrophysics Data System}
}

@ARTICLE{2016arXiv161201786K,
   author = {{Katz}, H. and {Kimm}, T. and {Sijacki}, D. and {Haehnelt}, M.
	},
    title = "{Interpreting ALMA Observations of the ISM During the Epoch of Reionisation}",
  journal = {ArXiv e-prints},
archivePrefix = "arXiv",
   eprint = {1612.01786},
 keywords = {Astrophysics - Astrophysics of Galaxies},
     year = 2016,
    month = dec,
   adsurl = {http://adsabs.harvard.edu/abs/2016arXiv161201786K},
  adsnote = {Provided by the SAO/NASA Astrophysics Data System}
}

@ARTICLE{2016MNRAS.462.3265D,
   author = {{Dav{\'e}}, R. and {Thompson}, R. and {Hopkins}, P.~F.},
    title = "{MUFASA: galaxy formation simulations with meshless hydrodynamics}",
  journal = {\mnras},
archivePrefix = "arXiv",
   eprint = {1604.01418},
 keywords = {galaxies: evolution, galaxies: formation},
     year = 2016,
    month = nov,
   volume = 462,
    pages = {3265-3284},
      doi = {10.1093/mnras/stw1862},
   adsurl = {http://adsabs.harvard.edu/abs/2016MNRAS.462.3265D},
  adsnote = {Provided by the SAO/NASA Astrophysics Data System}
}

@ARTICLE{2016arXiv161008528B,
   author = {{Butsky}, I. and {Zrake}, J. and {Kim}, J.-h. and {Yang}, H.-I and 
	{Abel}, T.},
    title = "{Ab initio Simulations of a Supernova Driven Galactic Dynamo in an Isolated Disk Galaxy}",
  journal = {ArXiv e-prints},
archivePrefix = "arXiv",
   eprint = {1610.08528},
 keywords = {Astrophysics - Astrophysics of Galaxies},
     year = 2016,
    month = oct,
   adsurl = {http://adsabs.harvard.edu/abs/2016arXiv161008528B},
  adsnote = {Provided by the SAO/NASA Astrophysics Data System}
}

@ARTICLE{2016MNRAS.461..111R,
   author = {{Regan}, J.~A. and {Johansson}, P.~H. and {Wise}, J.~H.},
    title = "{Positive or negative? The impact of X-ray feedback on the formation of direct collapse black hole seeds}",
  journal = {\mnras},
archivePrefix = "arXiv",
   eprint = {1603.06612},
 keywords = {methods: numerical, stars: Population III, cosmology: theory},
     year = 2016,
    month = sep,
   volume = 461,
    pages = {111-125},
      doi = {10.1093/mnras/stw1307},
   adsurl = {http://adsabs.harvard.edu/abs/2016MNRAS.461..111R},
  adsnote = {Provided by the SAO/NASA Astrophysics Data System}
}

@ARTICLE{2016Natur.535..523F,
   author = {{Forbes}, J.~C. and {Krumholz}, M.~R. and {Goldbaum}, N.~J. and 
	{Dekel}, A.},
    title = "{Suppression of star formation in dwarf galaxies by photoelectric grain heating feedback}",
  journal = {\nat},
archivePrefix = "arXiv",
   eprint = {1605.00650},
     year = 2016,
    month = jul,
   volume = 535,
    pages = {523-525},
      doi = {10.1038/nature18292},
   adsurl = {http://adsabs.harvard.edu/abs/2016Natur.535..523F},
  adsnote = {Provided by the SAO/NASA Astrophysics Data System}
}

@ARTICLE{2016MNRAS.459.4209A,
   author = {{Agarwal}, B. and {Smith}, B. and {Glover}, S. and {Natarajan}, P. and 
	{Khochfar}, S.},
    title = "{New constraints on direct collapse black hole formation in the early Universe}",
  journal = {\mnras},
archivePrefix = "arXiv",
   eprint = {1504.04042},
 keywords = {galaxies: high-redshift, quasars: general, dark ages, reionization, first stars},
     year = 2016,
    month = jul,
   volume = 459,
    pages = {4209-4217},
      doi = {10.1093/mnras/stw929},
   adsurl = {http://adsabs.harvard.edu/abs/2016MNRAS.459.4209A},
  adsnote = {Provided by the SAO/NASA Astrophysics Data System}
}

@ARTICLE{2016MNRAS.459.3377R,
   author = {{Regan}, J.~A. and {Johansson}, P.~H. and {Wise}, J.~H.},
    title = "{Forming supermassive black hole seeds under the influence of a nearby anisotropic multifrequency source}",
  journal = {\mnras},
archivePrefix = "arXiv",
   eprint = {1511.00696},
 keywords = {methods: numerical, cosmology: theory},
     year = 2016,
    month = jul,
   volume = 459,
    pages = {3377-3394},
      doi = {10.1093/mnras/stw899},
   adsurl = {http://adsabs.harvard.edu/abs/2016MNRAS.459.3377R},
  adsnote = {Provided by the SAO/NASA Astrophysics Data System}
}

@ARTICLE{2016MNRAS.459.3217L,
   author = {{Luo}, Y. and {Nagamine}, K. and {Shlosman}, I.},
    title = "{Direct collapse to supermassive black hole seeds: comparing the AMR and SPH approaches}",
  journal = {\mnras},
archivePrefix = "arXiv",
   eprint = {1512.03822},
 keywords = {methods: numerical, galaxies: formation, galaxies: high-redshift, cosmology: theory, dark ages, reionization, first stars},
     year = 2016,
    month = jul,
   volume = 459,
    pages = {3217-3233},
      doi = {10.1093/mnras/stw698},
   adsurl = {http://adsabs.harvard.edu/abs/2016MNRAS.459.3217L},
  adsnote = {Provided by the SAO/NASA Astrophysics Data System}
}

@ARTICLE{2015ApJ...814..131G,
   author = {{Goldbaum}, N.~J. and {Krumholz}, M.~R. and {Forbes}, J.~C.},
    title = "{Mass Transport and Turbulence in Gravitationally Unstable Disk Galaxies. I. The Case of Pure Self-gravity}",
  journal = {\apj},
archivePrefix = "arXiv",
   eprint = {1510.08458},
 keywords = {galaxies: evolution, galaxies: kinematics and dynamics, galaxies: spiral, ISM: kinematics and dynamics, ISM: structure},
     year = 2015,
    month = dec,
   volume = 814,
      eid = {131},
    pages = {131},
      doi = {10.1088/0004-637X/814/2/131},
   adsurl = {http://adsabs.harvard.edu/abs/2015ApJ...814..131G},
  adsnote = {Provided by the SAO/NASA Astrophysics Data System}
}

@ARTICLE{2015ApJ...814....4L,
   author = {{Li}, M. and {Ostriker}, J.~P. and {Cen}, R. and {Bryan}, G.~L. and 
	{Naab}, T.},
    title = "{Supernova Feedback and the Hot Gas Filling Fraction of the Interstellar Medium}",
  journal = {\apj},
archivePrefix = "arXiv",
   eprint = {1506.07180},
 keywords = {evolution, ISM: kinematics and dynamics, ISM: supernova remnants, methods: numerical, supernovae: general},
     year = 2015,
    month = nov,
   volume = 814,
      eid = {4},
    pages = {4},
      doi = {10.1088/0004-637X/814/1/4},
   adsurl = {http://adsabs.harvard.edu/abs/2015ApJ...814....4L},
  adsnote = {Provided by the SAO/NASA Astrophysics Data System}
}

@ARTICLE{2015ApJ...811....3S,
   author = {{Shull}, J.~M. and {Moloney}, J. and {Danforth}, C.~W. and {Tilton}, E.~M.
	},
    title = "{The Metagalactic Ionizing Background: A Crisis in UV Photon Production or Incorrect Galaxy Escape Fractions?}",
  journal = {\apj},
archivePrefix = "arXiv",
   eprint = {1502.00637},
 keywords = {cosmological parameters, cosmology: observations, intergalactic medium, quasars: absorption lines, ultraviolet: galaxies},
     year = 2015,
    month = sep,
   volume = 811,
      eid = {3},
    pages = {3},
      doi = {10.1088/0004-637X/811/1/3},
   adsurl = {http://adsabs.harvard.edu/abs/2015ApJ...811....3S},
  adsnote = {Provided by the SAO/NASA Astrophysics Data System}
}

@ARTICLE{2015MNRAS.449.2588P,
   author = {{Petit}, A.~C. and {Krumholz}, M.~R. and {Goldbaum}, N.~J. and 
	{Forbes}, J.~C.},
    title = "{Mixing and transport of metals by gravitational instability-driven turbulence in galactic discs}",
  journal = {\mnras},
archivePrefix = "arXiv",
   eprint = {1411.7585},
 keywords = {conduction, turbulence, galaxies: evolution, galaxies: kinematics and dynamics},
     year = 2015,
    month = may,
   volume = 449,
    pages = {2588-2597},
      doi = {10.1093/mnras/stv493},
   adsurl = {http://adsabs.harvard.edu/abs/2015MNRAS.449.2588P},
  adsnote = {Provided by the SAO/NASA Astrophysics Data System}
}

@ARTICLE{2011ApJ...731....6S,
   author = {{Smith}, B.~D. and {Hallman}, E.~J. and {Shull}, J.~M. and {O'Shea}, B.~W.
	},
    title = "{The Nature of the Warm/Hot Intergalactic Medium. I. Numerical Methods, Convergence, and O VI Absorption}",
  journal = {\apj},
archivePrefix = "arXiv",
   eprint = {1009.0261},
 keywords = {cosmology: observations, intergalactic medium, quasars: absorption lines},
     year = 2011,
    month = apr,
   volume = 731,
      eid = {6},
    pages = {6},
      doi = {10.1088/0004-637X/731/1/6},
   adsurl = {http://adsabs.harvard.edu/abs/2011ApJ...731....6S},
  adsnote = {Provided by the SAO/NASA Astrophysics Data System}
}

@ARTICLE{2012MNRAS.420..829O,
   author = {{Oppenheimer}, B.~D. and {Dav{\'e}}, R. and {Katz}, N. and {Kollmeier}, J.~A. and 
	{Weinberg}, D.~H.},
    title = "{The intergalactic medium over the last 10 billion years - II. Metal-line absorption and physical conditions}",
  journal = {\mnras},
archivePrefix = "arXiv",
   eprint = {1106.1444},
 keywords = {methods: numerical, galaxies: formation, intergalactic medium, quasars: absorption lines, cosmology: theory},
     year = 2012,
    month = feb,
   volume = 420,
    pages = {829-859},
      doi = {10.1111/j.1365-2966.2011.20096.x},
   adsurl = {http://adsabs.harvard.edu/abs/2012MNRAS.420..829O},
  adsnote = {Provided by the SAO/NASA Astrophysics Data System}
}

@ARTICLE{2011MNRAS.413..190T,
   author = {{Tepper-Garc{\'{\i}}a}, T. and {Richter}, P. and {Schaye}, J. and 
	{Booth}, C.~M. and {Dalla Vecchia}, C. and {Theuns}, T. and 
	{Wiersma}, R.~P.~C.},
    title = "{Absorption signatures of warm-hot gas at low redshift: O VI}",
  journal = {\mnras},
archivePrefix = "arXiv",
   eprint = {1007.2840},
 primaryClass = "astro-ph.CO",
 keywords = {methods: numerical, galaxies: formation, intergalactic medium, quasars: absorption lines, cosmology: theory},
     year = 2011,
    month = may,
   volume = 413,
    pages = {190-212},
      doi = {10.1111/j.1365-2966.2010.18123.x},
   adsurl = {http://adsabs.harvard.edu/abs/2011MNRAS.413..190T},
  adsnote = {Provided by the SAO/NASA Astrophysics Data System}
}

@ARTICLE{2014ApJ...789L..32K,
   author = {{Kollmeier}, J.~A. and {Weinberg}, D.~H. and {Oppenheimer}, B.~D. and 
	{Haardt}, F. and {Katz}, N. and {Dav{\'e}}, R. and {Fardal}, M. and 
	{Madau}, P. and {Danforth}, C. and {Ford}, A.~B. and {Peeples}, M.~S. and 
	{McEwen}, J.},
    title = "{The Photon Underproduction Crisis}",
  journal = {\apjl},
archivePrefix = "arXiv",
   eprint = {1404.2933},
 keywords = {cosmology: theory, diffuse radiation, intergalactic medium, large-scale structure of universe },
     year = 2014,
    month = jul,
   volume = 789,
      eid = {L32},
    pages = {L32},
      doi = {10.1088/2041-8205/789/2/L32},
   adsurl = {http://adsabs.harvard.edu/abs/2014ApJ...789L..32K},
  adsnote = {Provided by the SAO/NASA Astrophysics Data System}
}

@ARTICLE{2012ApJ...748...12S,
   author = {{Silvia}, D.~W. and {Smith}, B.~D. and {Shull}, J.~M.},
    title = "{Numerical Simulations of Supernova Dust Destruction. II. Metal-enriched Ejecta Knots}",
  journal = {\apj},
archivePrefix = "arXiv",
   eprint = {1111.0302},
 keywords = {dust, extinction, hydrodynamics, ISM: supernova remnants, shock waves},
     year = 2012,
    month = mar,
   volume = 748,
      eid = {12},
    pages = {12},
      doi = {10.1088/0004-637X/748/1/12},
   adsurl = {http://adsabs.harvard.edu/abs/2012ApJ...748...12S},
  adsnote = {Provided by the SAO/NASA Astrophysics Data System}
}

@ARTICLE{2016ApJ...830L..13M,
   author = {{Mayer}, L. and {Tamburello}, V. and {Lupi}, A. and {Keller}, B. and 
	{Wadsley}, J. and {Madau}, P.},
    title = "{Clumpy Disks as a Testbed for Feedback-regulated Galaxy Formation}",
  journal = {\apjl},
archivePrefix = "arXiv",
   eprint = {1606.06739},
 keywords = {galaxies: evolution, galaxies: high-redshift, galaxies: structure, hydrodynamics, methods: numerical},
     year = 2016,
    month = oct,
   volume = 830,
      eid = {L13},
    pages = {L13},
      doi = {10.3847/2041-8205/830/1/L13},
   adsurl = {http://adsabs.harvard.edu/abs/2016ApJ...830L..13M},
  adsnote = {Provided by the SAO/NASA Astrophysics Data System}
}
@ARTICLE{2017MNRAS.tmp..110D,
   author = {{Dav{\'e}}, R. and {Rafieferantsoa}, M.~H. and {Thompson}, R.~J. and 
	{Hopkins}, P.~F.},
    title = "{MUFASA: Galaxy star formation, gas, and metal properties across cosmic time}",
  journal = {\mnras},
archivePrefix = "arXiv",
   eprint = {1610.01626},
 keywords = {galaxies: formation, galaxies: evolution, galaxies: star formation, galaxies: abundances, galaxies: ISM, methods: numerical},
     year = 2017,
    month = jan,
      doi = {10.1093/mnras/stx108},
   adsurl = {http://adsabs.harvard.edu/abs/2017MNRAS.tmp..110D},
  adsnote = {Provided by the SAO/NASA Astrophysics Data System}
}

@ARTICLE{2016arXiv161009958L,
   author = {{Ludaescher}, B. and {Chard}, K. and {Gaffney}, N. and {Jones}, M.~B. and 
	{Nabrzyski}, J. and {Stodden}, V. and {Turk}, M.},
    title = "{Capturing the ``Whole Tale'' of Computational Research: Reproducibility in Computing Environments}",
  journal = {ArXiv e-prints},
archivePrefix = "arXiv",
   eprint = {1610.09958},
 primaryClass = "cs.DL",
 keywords = {Computer Science - Digital Libraries},
     year = 2016,
    month = oct,
   adsurl = {http://adsabs.harvard.edu/abs/2016arXiv161009958L},
  adsnote = {Provided by the SAO/NASA Astrophysics Data System}
}

@ARTICLE{2014arXiv1412.5557J,
   author = {{James}, D. and {Wilkins-Diehr}, N. and {Stodden}, V. and {Colbry}, D. and 
	{Rosales}, C. and {Fahey}, M. and {Shi}, J. and {Silva}, R.~F. and 
	{Lee}, K. and {Roskies}, R. and {Loewe}, L. and {Lindsey}, S. and 
	{Kooper}, R. and {Barba}, L. and {Bailey}, D. and {Borwein}, J. and 
	{Corcho}, O. and {Deelman}, E. and {Dietze}, M. and {Gilbert}, B. and 
	{Harkes}, J. and {Keele}, S. and {Kumar}, P. and {Lee}, J. and 
	{Linke}, E. and {Marciano}, R. and {Marini}, L. and {Mattman}, C. and 
	{Mattson}, D. and {McHenry}, K. and {McLay}, R. and {Miguez}, S. and 
	{Minsker}, B. and {Perez-Hernandez}, M. and {Ryan}, D. and {Rynge}, M. and 
	{Santana-Perez}, I. and {Satyanarayanan}, M. and {St.~Clair}, G. and 
	{Webster}, K. and {Hovig}, E. and {Katz}, D.~S. and {Kay}, S. and 
	{Sandve}, G. and {Skinner}, D. and {Allen}, G. and {Cazes}, J. and 
	{Cho}, K.~W. and {Fonseca}, J. and {Hwang}, L. and {Koesterke}, L. and 
	{Patel}, P. and {Pouchard}, L. and {Seidel}, E. and {Suriarachchi}, I.
	},
    title = "{Standing Together for Reproducibility in Large-Scale Computing: Report on reproducibility@XSEDE}",
  journal = {ArXiv e-prints},
archivePrefix = "arXiv",
   eprint = {1412.5557},
 primaryClass = "cs.DC",
 keywords = {Computer Science - Distributed, Parallel, and Cluster Computing, 68N01, D.2.9},
     year = 2014,
    month = dec,
   adsurl = {http://adsabs.harvard.edu/abs/2014arXiv1412.5557J},
  adsnote = {Provided by the SAO/NASA Astrophysics Data System}
}

@article {Fenner097196,
	author = {Fenner, Martin and Crosas, Merc{\`e} and Grethe, Jeffrey and Kennedy, David and Hermjakob, Henning and Rocca-Serra, Philippe and Berjon, Robin and Karcher, Sebastian and Martone, Maryann and Clark, Timothy},
	title = {A Data Citation Roadmap for Scholarly Data Repositories},
	year = {2016},
	doi = {10.1101/097196},
	publisher = {Cold Spring Harbor Labs Journals},
	abstract = {This article presents a practical roadmap for scholarly data repositories to implement data citation in accordance with the Joint Declaration of Data Citation Principles (Data Citation Synthesis Group, 2014), a synopsis and harmonization of the recommendations of major science policy bodies. The roadmap was developed by the Repositories Early Adopters Expert Group, part of the Data Citation Implementation Pilot (DCIP) project (FORCE11, 2015), an initiative of FORCE11.org and the NIH BioCADDIE (2016) program. The roadmap makes 11 specific recommendations, grouped into three phases of implementation: a) required steps needed to support the Joint Declaration of Data Citation Principles, b) recommended steps that facilitate article/data publication workflows, and c) optional steps that further improve data citation support provided by data repositories.},
	URL = {http://biorxiv.org/content/early/2016/12/28/097196},
	eprint = {http://biorxiv.org/content/early/2016/12/28/097196.full.pdf},
	journal = {bioRxiv}
}

@INPROCEEDINGS{force11,
   author = {FORCE11},
    title = "{Data Citation Synthesis Group: Joint Declaration of Data Citation Principles}",
booktitle = {Data Citation Synthesis Group: Joint Declaration of Data Citation Principles},
     year = 2014,
   editor = "{Martone M. (ed.), San Diego CA}",
}

@ARTICLE{2013A&A...550A..36M,
   author = {{McElroy}, D. and {Walsh}, C. and {Markwick}, A.~J. and {Cordiner}, M.~A. and 
	{Smith}, K. and {Millar}, T.~J.},
    title = "{The UMIST database for astrochemistry 2012}",
  journal = {\aap},
archivePrefix = "arXiv",
   eprint = {1212.6362},
 primaryClass = "astro-ph.SR",
 keywords = {astrochemistry, molecular data, molecular processes, ISM: molecules, circumstellar matter},
     year = 2013,
    month = feb,
   volume = 550,
      eid = {A36},
    pages = {A36},
      doi = {10.1051/0004-6361/201220465},
   adsurl = {http://adsabs.harvard.edu/abs/2013A%26A...550A..36M},
  adsnote = {Provided by the SAO/NASA Astrophysics Data System}
}

@ARTICLE{2013RvMP...85.1021T,
   author = {{Tielens}, A.~G.~G.~M.},
    title = "{The molecular universe}",
  journal = {Reviews of Modern Physics},
 keywords = {Molecular and chemical processes and interactions, Atomic molecular and chemical and grain processes, Atomic molecular chemical and grain processes},
     year = 2013,
    month = jul,
   volume = 85,
    pages = {1021-1081},
      doi = {10.1103/RevModPhys.85.1021},
   adsurl = {http://adsabs.harvard.edu/abs/2013RvMP...85.1021T},
  adsnote = {Provided by the SAO/NASA Astrophysics Data System}
}

@ARTICLE{2018arXiv180310526A,
   author = {{Armitage}, P.~J.},
    title = "{A brief overview of planet formation}",
  journal = {ArXiv e-prints},
archivePrefix = "arXiv",
   eprint = {1803.10526},
 primaryClass = "astro-ph.EP",
 keywords = {Astrophysics - Earth and Planetary Astrophysics},
     year = 2018,
    month = mar,
   adsurl = {http://adsabs.harvard.edu/abs/2018arXiv180310526A},
  adsnote = {Provided by the SAO/NASA Astrophysics Data System}
}

@ARTICLE{2017A&A...605A..16F,
   author = {{Facchini}, S. and {Birnstiel}, T. and {Bruderer}, S. and {van Dishoeck}, E.~F.
	},
    title = "{Different dust and gas radial extents in protoplanetary disks: consistent models of grain growth and CO emission}",
  journal = {\aap},
archivePrefix = "arXiv",
   eprint = {1705.06235},
 primaryClass = "astro-ph.SR",
 keywords = {accretion, accretion disks, astrochemistry, protoplanetary disks, stars: individual: HD 163296, submillimeter: planetary systems},
     year = 2017,
    month = sep,
   volume = 605,
      eid = {A16},
    pages = {A16},
      doi = {10.1051/0004-6361/201630329},
   adsurl = {http://adsabs.harvard.edu/abs/2017A%26A...605A..16F},
  adsnote = {Provided by the SAO/NASA Astrophysics Data System}
}

@ARTICLE{2015MNRAS.446..521S,
   author = {{Schaye}, J. and {Crain}, R.~A. and {Bower}, R.~G. and {Furlong}, M. and 
	{Schaller}, M. and {Theuns}, T. and {Dalla Vecchia}, C. and 
	{Frenk}, C.~S. and {McCarthy}, I.~G. and {Helly}, J.~C. and 
	{Jenkins}, A. and {Rosas-Guevara}, Y.~M. and {White}, S.~D.~M. and 
	{Baes}, M. and {Booth}, C.~M. and {Camps}, P. and {Navarro}, J.~F. and 
	{Qu}, Y. and {Rahmati}, A. and {Sawala}, T. and {Thomas}, P.~A. and 
	{Trayford}, J.},
    title = "{The EAGLE project: simulating the evolution and assembly of galaxies and their environments}",
  journal = {\mnras},
archivePrefix = "arXiv",
   eprint = {1407.7040},
 keywords = {methods: numerical, galaxies: evolution, galaxies: formation, cosmology: theory},
     year = 2015,
    month = jan,
   volume = 446,
    pages = {521-554},
      doi = {10.1093/mnras/stu2058},
   adsurl = {http://adsabs.harvard.edu/abs/2015MNRAS.446..521S},
  adsnote = {Provided by the SAO/NASA Astrophysics Data System}
}

@ARTICLE{2014MNRAS.444.1518V,
   author = {{Vogelsberger}, M. and {Genel}, S. and {Springel}, V. and {Torrey}, P. and 
	{Sijacki}, D. and {Xu}, D. and {Snyder}, G. and {Nelson}, D. and 
	{Hernquist}, L.},
    title = "{Introducing the Illustris Project: simulating the coevolution of dark and visible matter in the Universe}",
  journal = {\mnras},
archivePrefix = "arXiv",
   eprint = {1405.2921},
 keywords = {methods: numerical, cosmology: theory},
     year = 2014,
    month = oct,
   volume = 444,
    pages = {1518-1547},
      doi = {10.1093/mnras/stu1536},
   adsurl = {http://adsabs.harvard.edu/abs/2014MNRAS.444.1518V},
  adsnote = {Provided by the SAO/NASA Astrophysics Data System}
}

@ARTICLE{2016ApJ...832L...5X,
   author = {{Xu}, H. and {Ahn}, K. and {Norman}, M.~L. and {Wise}, J.~H. and 
	{O'Shea}, B.~W.},
    title = "{X-Ray Background at High Redshifts from Pop III Remnants: Results from Pop III Star Formation Rates in the Renaissance Simulations}",
  journal = {\apjl},
archivePrefix = "arXiv",
   eprint = {1607.02664},
 keywords = {cosmology: theory, stars: Population III, X-rays: diffuse background},
     year = 2016,
    month = nov,
   volume = 832,
      eid = {L5},
    pages = {L5},
      doi = {10.3847/2041-8205/832/1/L5},
   adsurl = {http://adsabs.harvard.edu/abs/2016ApJ...832L...5X},
  adsnote = {Provided by the SAO/NASA Astrophysics Data System}
}

@ARTICLE{2016ApJ...833...84X,
   author = {{Xu}, H. and {Wise}, J.~H. and {Norman}, M.~L. and {Ahn}, K. and 
	{O'Shea}, B.~W.},
    title = "{Galaxy Properties and UV Escape Fractions during the Epoch of Reionization: Results from the Renaissance Simulations}",
  journal = {\apj},
archivePrefix = "arXiv",
   eprint = {1604.07842},
 keywords = {dark ages, reionization, first stars, galaxies: formation, galaxies: high-redshift, methods: numerical, radiative transfer},
     year = 2016,
    month = dec,
   volume = 833,
      eid = {84},
    pages = {84},
      doi = {10.3847/1538-4357/833/1/84},
   adsurl = {http://adsabs.harvard.edu/abs/2016ApJ...833...84X},
  adsnote = {Provided by the SAO/NASA Astrophysics Data System}
}

@ARTICLE{Barrow17_FL2,
   author = {{Barrow}, K.~S.~S. and {Wise}, J.~H. and {Aykutalp}, A. and 
	{O'Shea}, B.~W. and {Norman}, M.~L. and {Xu}, H.},
    title = "{First Light II: Emission Line Extinction, Population III Stars, and X-ray Binaries}",
  journal = {ArXiv e-prints},
archivePrefix = "arXiv",
   eprint = {1709.04473},
 keywords = {Astrophysics - Astrophysics of Galaxies, Astrophysics - High Energy Astrophysical Phenomena, Astrophysics - Solar and Stellar Astrophysics},
     year = 2017,
    month = sep,
   adsurl = {http://adsabs.harvard.edu/abs/2017arXiv170904473B},
  adsnote = {Provided by the SAO/NASA Astrophysics Data System}
}

@ARTICLE{2017ApJ...845...47T,
   author = {{Tonnesen}, S. and {Smith}, B.~D. and {Kollmeier}, J.~A. and 
	{Cen}, R.},
    title = "{Probing the Dependence of the Intergalactic Medium on Large-scale Environment Using the Low-redshift Ly{$\alpha$} Forest}",
  journal = {\apj},
archivePrefix = "arXiv",
   eprint = {1707.03409},
 keywords = {cosmology: theory, intergalactic medium, large-scale structure of universe},
     year = 2017,
    month = aug,
   volume = 845,
      eid = {47},
    pages = {47},
      doi = {10.3847/1538-4357/aa7fb8},
   adsurl = {http://adsabs.harvard.edu/abs/2017ApJ...845...47T},
  adsnote = {Provided by the SAO/NASA Astrophysics Data System}
}

@ARTICLE{2017ApJ...847...59H,
   author = {{Hummels}, C.~B. and {Smith}, B.~D. and {Silvia}, D.~W.},
    title = "{Trident: A Universal Tool for Generating Synthetic Absorption Spectra from Astrophysical Simulations}",
  journal = {\apj},
archivePrefix = "arXiv",
   eprint = {1612.03935},
 primaryClass = "astro-ph.IM",
 keywords = {cosmology: theory, methods: data analysis, methods: numerical, radiative transfer},
     year = 2017,
    month = sep,
   volume = 847,
      eid = {59},
    pages = {59},
      doi = {10.3847/1538-4357/aa7e2d},
   adsurl = {http://adsabs.harvard.edu/abs/2017ApJ...847...59H},
  adsnote = {Provided by the SAO/NASA Astrophysics Data System}
}

@article{doi:10.1002/kin.550100907,
author = {Eigil Hesstvedt and Öystein Hov and Ivar S. A. Isaksen},
title = {Quasi‐steady‐state approximations in air pollution modeling: Comparison of two numerical schemes for oxidant prediction},
journal = {International Journal of Chemical Kinetics},
volume = {10},
number = {9},
pages = {971-994},
doi = {10.1002/kin.550100907},
url = {https://onlinelibrary.wiley.com/doi/abs/10.1002/kin.550100907},
eprint = {https://onlinelibrary.wiley.com/doi/pdf/10.1002/kin.550100907},
abstract = {Abstract A numerical method to solve the set of differential equations which describes the chemical development in polluted air is presented. The photochemical lifetimes, continuously monitored for all compounds, determine how the integrations are performed at all times. Components with lifetimes less than 10\% of the time step, which is taken as 30 sec, are assumed to be in photochemical equilibrium, while compounds with photochemical lifetimes greater than 100 times the time step are computed according to Euler's method. All other components are calculated from the exponential solution of the continuity equation. The computational accuracy may be improved by iteration on components assumed to be determined by the instant values of other components. The convergence of the iteration is speeded up by ordering the short‐lived compounds in a hierarchical sequence. Since computational errors connected with QSSA methods are difficult to assess, comparison with an automatic scheme is necessary. Our method has been compared with Gear's method for a range of model mixtures of hydrocarbons, nitrogen oxides, and air, thought to cover most conceivable situations of atmospheric pollution. The agreement with Gear's method is within a few percent for all components all the time, in most cases even within 1\%. No accumulation of deviations occur during long‐term integrations (e.g., 48 hr with day and night shiftings), and differences which appear during periods with strong concentration gradients (e.g., after sunrise) vanish when the activity has culminated. The method presented here is considerably more efficient than Gear's method, with respect to both computer time and storage.}
}

@article{SANDU19973151,
title = "Benchmarking stiff ode solvers for atmospheric chemistry problems-I. implicit vs explicit",
journal = "Atmospheric Environment",
volume = "31",
number = "19",
pages = "3151 - 3166",
year = "1997",
note = "EUMAC: European Modelling of Atmospheric Constituents",
issn = "1352-2310",
doi = "https://doi.org/10.1016/S1352-2310(97)00059-9",
url = "http://www.sciencedirect.com/science/article/pii/S1352231097000599",
author = "A. Sandu and J.G. Verwer and M. Van Loon and G.R. Carmichael and F.A. Potra and D. Dabdub and J.H. Seinfeld"
}

@article{1749-4699-6-1-015001,
  author={M W Guidry and R Budiardja and E Feger and J J Billings and W R Hix and O E B Messer and K J Roche and E McMahon and M He},
  title={Explicit integration of extremely stiff reaction networks: asymptotic methods},
  journal={Computational Science \& Discovery},
  volume={6},
  number={1},
  pages={015001},
  url={http://stacks.iop.org/1749-4699/6/i=1/a=015001},
  year={2013},
  abstract={We show that, even for extremely stiff systems, explicit integration may compete in both accuracy and speed with implicit methods if algebraic methods are used to stabilize the numerical integration. The required stabilizing algebra depends on whether the system is well removed from equilibrium or is near equilibrium. This paper introduces a quantitative distinction between these two regimes and addresses the former case in depth, presenting explicit asymptotic methods appropriate when the system is extremely stiff but only weakly equilibrated. A second paper (Guidry and Harris 2013 Comput. Sci. Disc. 6 015002) examines quasi-steady-state methods as an alternative to asymptotic methods in systems well away from equilibrium and a third paper (Guidry et al 2013 Comput. Sci. Disc. 6 015003) extends these methods to equilibrium conditions in extremely stiff systems using partial equilibrium methods. All three papers present systematic evidence for timesteps competitive with implicit methods. Because an explicit method can execute a timestep faster than an implicit method, algebraically stabilized explicit algorithms might permit integration of larger networks than have been feasible before in various disciplines.}
}

@article{1749-4699-6-1-015002,
  author={M W Guidry and J A Harris},
  title={Explicit integration of extremely stiff reaction networks: quasi-steady-state methods},
  journal={Computational Science \& Discovery},
  volume={6},
  number={1},
  pages={015002},
  url={http://stacks.iop.org/1749-4699/6/i=1/a=015002},
  year={2013},
  abstract={A preceding paper by Guidry et al 2013 Comput. Sci. Disc. 6 015001 demonstrated that explicit asymptotic methods generally work much better for extremely stiff reaction networks than has previously been shown in the literature. There we showed that for systems well removed from equilibrium, explicit asymptotic methods can rival standard implicit codes in speed and accuracy for solving extremely stiff differential equations. In this paper, we continue the investigation of systems well removed from equilibrium by examining quasi-steady-state (QSS) methods as an alternative to asymptotic methods. We show that for systems well removed from equilibrium, QSS methods also can compete with, or even exceed, standard implicit methods in speed, even for extremely stiff networks, and in many cases give a somewhat better integration speed than for asymptotic methods. As for asymptotic methods, we will find that QSS methods give correct results, but with a non-competitive integration speed as equilibrium is approached. Thus, we find that both asymptotic and QSS methods must be supplemented with partial equilibrium methods as equilibrium is approached to remain competitive with implicit methods.}
}

@article{1749-4699-6-1-015003,
  author={M W Guidry and J J Billings and W R Hix},
  title={Explicit integration of extremely stiff reaction networks: partial equilibrium methods},
  journal={Computational Science \& Discovery},
  volume={6},
  number={1},
  pages={015003},
  url={http://stacks.iop.org/1749-4699/6/i=1/a=015003},
  year={2013},
  abstract={In two preceding papers (Guidry et al 2013 Comput. Sci. Disc. 6 015001 and Guidry and Harris 2013 Comput. Sci. Disc. 6 015002), we have shown that when reaction networks are well removed from equilibrium, explicit asymptotic and quasi-steady-state approximations can give algebraically stabilized integration schemes that rival standard implicit methods in accuracy and speed for extremely stiff systems. However, we also showed that these explicit methods remain accurate but are no longer competitive in speed as the network approaches equilibrium. In this paper, we analyze this failure and show that it is associated with the presence of fast equilibration timescales that neither asymptotic nor quasi-steady-state approximations are able to remove efficiently from the numerical integration. Based on this understanding, we develop a partial equilibrium method to deal effectively with the approach to equilibrium and show that explicit asymptotic methods, combined with the new partial equilibrium methods, give an integration scheme that can plausibly deal with the stiffest networks, even in the approach to equilibrium, with accuracy and speed competitive with that of implicit methods. Thus we demonstrate that such explicit methods may offer alternatives to implicit integration of even extremely stiff systems and that these methods may permit integration of much larger networks than have been possible before in a number of fields.}
}
